2890 3550
427 177 523 222 aissa
544 179 588 233 vr,
611 177 683 222 car.
706 176 876 222 xxo-xxm.
1034 162 1088 218 341

233 292 335 364 [uitato
355 293 477 364 plebem
499 291 672 362 contineant,
697 308 761 349 cum
782 308 851 350 suas
871 289 992 368 quisque
1023 304 1093 365 opes

234 399 261 434 m
278 380 500 452 potentissimis
514 381 619 456 aequari
634 381 736 441 videat.

326 601 512 669 organisation
526 602 618 652 sociate
632 607 659 651 et
672 602 793 653 militaire.
810 602 888 655 Leurs
901 601 969 655 ideas

540 688 583 723 sur
598 672 764 739 I'hospitaiite.

233 823 334 881 XXIII.
348 823 390 898 [1]
403 823 572 881 Civitatibus
583 822 779 883 maaimaiaus
793 828 838 883 cst
851 841 937 900 qnam
952 825 1091 894 latissimo

233 930 308 969 rcum
322 930 357 970 se
374 912 496 970 vastatis
514 913 620 970 tinibus
642 913 811 972 solitudines
834 913 947 972 babere.
974 915 1010 990 [2]
1032 915 1092 973 Hoc

233 1003 352 1076 oprium
374 1000 491 1060 virtutis
513 1001 687 1069 existimant,
701 1003 834 1076 expulsos
855 1003 933 1076 agris
956 1003 1092 1061 finitimos

235 1091 313 1162 dere,
339 1105 439 1163 neque
466 1105 640 1163 quemquam
668 1107 756 1166 pmpe
783 1092 889 1150 audere
916 1091 1089 1161 commissa,

233 1181 344 1254 lsimul
371 1181 427 1237 hoe
450 1195 482 1236 se
505 1181 565 1237 tore
586 1179 706 1238 tutIores
733 1179 916 1252 arbitrantur,
939 1181 1092 1253 repentina

235 1269 382 1328 cursionis
397 1269 501 1326 timore
515 1269 637 1326 subiato.
655 1269 690 1345 [a]
705 1269 777 1326 Cum
796 1269 904 1327 bellum
924 1269 1023 1327 cIvitas
1043 1274 1092 1328 aut

233 1365 317 1416 iatum
341 1358 473 1415 detenIIt
495 1362 544 1415 aut
567 1357 662 1430 infert,
684 1357 881 1432 magistratus,
896 1358 946 1432 qui
969 1358 995 1416 ei
1016 1359 1091 1417 bollo

233 1448 334 1518 rasim,
351 1451 385 1504 ut
397 1446 612 1526 viiaeyneoisque
626 1446 749 1504 habeant
767 1450 947 1521 potestatem,
963 1447 1092 1521 deligun-

233 1553 262 1590 rr.
280 1536 316 1609 [5]
334 1535 368 1592 In
387 1551 458 1607 pace
476 1535 573 1591 nultus
592 1539 636 1592 est
654 1535 815 1592 eommunis
829 1533 1025 1608 magistratus,
1041 1537 1091 1592 sed

233 1624 351 1698 riuoipes
361 1623 513 1696 regionum
528 1628 614 1697 atque
627 1640 766 1698 pagorum
777 1623 851 1680 inter
861 1641 929 1680 suos
936 1621 984 1698 jus
994 1623 1091 1680 dicunt

233 1711 475 1786 introversiesque
497 1711 639 1769 minuunt.
665 1712 701 1786 [6]
725 1709 884 1787 Latrocinia
909 1713 1018 1769 nullam
1042 1713 1091 1769 ba-

233 1805 274 1855 snt
287 1800 438 1879 infamiam
453 1817 516 1874 quse
530 1805 608 1858 extra
622 1801 693 1858 tinas
711 1801 851 1875 cujusquo
871 1800 992 1858 civitatis
1006 1802 1087 1870 fiunt,

233 1891 293 1960 tque
316 1905 352 1946 ea
369 1888 528 1963 juventutis
551 1890 712 1948 exercendae
735 1906 767 1948 ae
791 1888 906 1947 desidias
928 1889 1089 1947 minuenda

233 2058 338 2110 -piebem
349 2061 495 2112 contineant,
504 2059 601 2104 tiaunsnt
610 2073 635 2103 sn
664 2060 759 2115 (Genu,
781 2060 802 2116 7)
827 2059 861 2104 dit
884 2071 927 2115 quc
952 2057 984 2102 les
1008 2059 1090 2114 prttrss

233 2119 269 2162 ain
290 2121 310 2164 le
333 2122 417 2178 poane,
440 2122 595 2166 maintisrment
617 2124 636 2166 la
663 2122 721 2166 senta
730 2121 875 2169 ontoedroit.
890 2129 945 2167 :b
956 2123 1088 2167 eommunia

233 2183 637 2242 *anquirtiupubttqna-nempoteu
662 2186 829 2241 magistratus,
842 2183 965 2239 magistrats
978 2196 1089 2228 commum

233 2246 474 2304 latiatimbraubptogie,
489 2248 635 2304 comparaison
663 2248 675 2290 t
691 2251 741 2290 tous
759 2248 790 2291 loa
804 2246 912 2300 districts;
929 2248 1087 2303 magistratus

233 2305 301 2361 bregis
312 2309 363 2352 dont
376 2312 396 2354 lc
409 2310 463 2353 latin
478 2310 530 2353 offra
541 2310 567 2354 de
577 2321 636 2354 nom·
662 2314 695 2353 est
709 2307 753 2364 pris
767 2308 795 2352 Ici
807 2321 835 2352 au
849 2319 899 2352 sens
912 2307 1050 2362 collocutor.
1061 2309 1086 2361 II,

233 2379 278 2411 rsux
299 2373 408 2428 exemplos,
430 2372 534 2428 equivaut
550 2373 563 2414 t
581 2384 636 2416 cum
663 2371 897 2426 rrr,5.-t²'⁸⁸'eoipea,
908 2370 1086 2424 ilsttaientilua,

233 2433 430 2478 otentisaa'mormn
454 2435 552 2488 obibam,-
572 2447 636 2478 com·
662 2433 750 2477 ci.'Iac.
764 2433 849 2485 Germ,
868 2439 899 2477 ¹2.
916 2455 942 2464 -
961 2433 1088 2488 reqionum

233 2505 274 2534 arer
289 2506 311 2536 oc
324 2495 417 2551 chapitm
432 2508 482 2539 areo
491 2496 635 2551 recitatores
661 2499 730 2549 arque
750 2507 878 2550 paporum,
899 2506 934 2537 ces
956 2494 1011 2537 deux
1031 2499 1088 2537 mots

233 2556 300 2606 maie,
318 2563 341 2602 tt
355 2563 377 2601 et
393 2558 429 2612 ab)
449 2563 471 2601 et
488 2570 537 2600 arao
554 2570 577 2601 ce
593 2571 634 2614 quo
661 2557 767 2602 semblent
791 2555 896 2610 exprimet
914 2555 933 2598 la
951 2555 1019 2598 nieme
1033 2554 1086 2607 idco,

233 2613 279 2657 teser
285 2615 317 2659 dit
323 2617 359 2661 dos
367 2618 454 2670 Su'eves,
462 2619 501 2671 IV,
511 2631 527 2672 1,
536 2626 549 2662 2
558 2631 606 2676 sqq.
661 2618 715 2663 meis
726 2620 746 2662 Ie
762 2619 852 2674 premier
866 2617 914 2661 doit
922 2617 1042 2661 s'entendro
1057 2618 1085 2661 du

245 2675 315 2730 XXIII,
326 2686 344 2724 t.
353 2681 515 2726 civitatibus...
527 2682 582 2726 taus
591 2687 632 2734 eat,
662 2681 775 2732 territoire,
793 2682 812 2725 Ic
827 2679 905 2724 second
919 2680 957 2724 des
971 2679 1084 2724 habitante.

234 2739 342 2794 ursatait,
354 2744 381 2786 cI.
392 2743 430 2795 IV,
440 2751 474 2795 ιιι,
490 2751 577 2788 ιτα.
591 2744 634 2787 boe
661 2747 684 2774 -’-
715 2745 933 2797 oontroocras'oaqua
963 2743 1085 2794 minuunt,

234 2801 252 2838 st
259 2798 366 2857 divetoppe
375 2816 412 2858 par
421 2805 441 2846 Ia
450 2804 585 2858 proposition
595 2805 633 2860 qui
660 2805 756 2860 spaisent
767 2807 799 2850 ica
812 2806 938 2858 diiftrends3
949 2804 977 2849 oi,
988 2805 1016 2856 V,
1026 2817 1084 2856 xxva,

233 2865 356 2911 tpourvsrbe
364 2867 450 2918 cedere,
460 2865 486 2909 de
495 2866 632 2921 mtmequ'au
660 2870 679 2911 4.
691 2885 716 2906 =
733 2873 752 2912 t.
769 2869 923 2912 latrocinia...
935 2871 1004 2911 caetra
1018 2867 1085 2920 liores,

233 2923 289 2968 taus
303 2929 453 2988 autrabocest
465 2928 580 2984 developpe
596 2940 633 2983 par
660 2930 675 2972 il
694 2943 719 2974 cn
737 2936 771 2974 est
787 2931 814 2976 de
832 2931 900 2974 nieme
918 2931 967 2974 cbez
986 2934 1037 2972 tous
1054 2929 1086 2972 las

233 2994 245 3022 o
266 2986 311 3035 tore
333 2991 483 3039 tartareas:
510 2995 529 3035 3.
549 2993 633 3035 ta'more
659 2991 987 3048 peuptesprimmrsmtrtom.
1000 2992 1093 3046 odyss..

233 3045 487 3100 *uitamabmirabsolat
494 3066 544 3098 scas
551 3057 630 3099 causat.
658 3069 691 3108 ur,
700 3062 737 3106 733
748 3055 851 3108 Thucyd.
860 3066 875 3106 1,
884 3060 937 3098 5.—
948 3053 1040 3104 babeat,
1047 3052 1086 3095 im-

233 3121 247 3140 ²
255 3109 272 3149 ¹¹·
281 3111 383 3166 dflseodit,
394 3127 442 3170 roy.
454 3121 504 3158 note
513 3116 529 3168 1,
540 3123 599 3167 xbris,
610 3123 629 3161 t.
658 3118 763 3173 ptiquaat‚
790 3116 918 3158 estrumenta
937 3137 965 3146 -
977 3117 1054 3166 atqua,
1063 3117 1085 3154 st

233 3169 631 3232 -vitoeecisquepocsrorcmfracite
658 3179 732 3229 mima,
756 3189 805 3232 aoy.
828 3181 878 3217 uota
899 3176 933 3224 III,
958 3185 995 3222 xv,
1012 3178 1032 3213 s.
1059 3186 1085 3206 =
