2192 3480
272 173 366 218 tinen
386 173 418 231 v,
441 171 512 216 een.
536 171 709 216 xxix-xxxi.
875 161 932 217 273

41 311 59 342 a
88 287 216 360 periculo
237 291 361 356 terream
381 287 410 343 hi
432 285 557 360 sapient3
580 287 603 344 si
629 286 744 359 gravius
770 287 837 360 quid
864 289 934 344 ecci-

42 401 59 430 «
88 376 175 446 derit,
190 377 240 433 abs
261 382 290 434 tc
308 377 448 434 rationem
470 381 637 450 reposcent3
656 377 693 450 [3]
713 377 772 450 qui,
792 377 815 434 si
838 381 933 449 perte

43 491 60 521 a
87 468 184 537 liceat,
194 468 349 540 perendino
361 467 407 524 die
417 483 484 524 cum
498 467 635 540 proximis
645 467 771 524 hibernis
779 468 932 541 conjuncti,

44 578 61 608 a
89 569 272 612 communem
301 571 366 612 cum
394 555 514 628 reliquis
541 553 608 610 beiti
636 571 735 611 casum
763 555 931 626 sustineant,

45 668 62 698 (ι
90 660 149 700 non
163 643 262 718 rejecti
276 647 307 700 et
320 644 438 718 relegati
453 643 539 718 longe
553 642 589 700 ab
606 643 708 700 ceteris
727 647 777 700 aut
797 645 872 700 ferro
887 649 935 702 aut

45 754 62 784 (ι
90 731 167 790 tame
181 732 331 789 intereant.
348 753 362 786 n

198 893 275 943 Cotta
284 891 339 942 iinit
352 908 398 958 par
414 892 496 943 ceder.
515 867 607 957 Ittpart
619 891 665 942 des
679 895 788 957 troupes.

90 1024 185 1082 XXXi.
208 1025 244 1100 [1]
268 1025 459 1100 Consurgitur
479 1042 513 1082 ex
534 1024 672 1095 consitio;
692 1024 936 1098 comprehendunt
1011 1029 1013 1036 '

45 1120 212 1194 utrumque
230 1119 260 1171 et
272 1119 356 1171 orant
379 1134 393 1168 n
409 1131 444 1171 ne
465 1131 518 1172 sua
538 1113 716 1170 dissensione
734 1117 763 1170 et
783 1113 935 1185 pertinacia

48 1227 65 1258 n
92 1221 152 1262 rem
175 1203 205 1259 in
224 1219 370 1260 summum
394 1203 554 1276 perieulum
574 1203 740 1260 deducant:
765 1203 799 1276 [2]
823 1202 934 1258 facilem

51 1315 67 1344 «
92 1309 158 1350 esse
173 1309 246 1361 rem,
260 1308 310 1348 sou
330 1296 474 1360 maneant,
490 1307 541 1347 seu
561 1289 785 1362 proficiscantur,
806 1290 829 1345 si
851 1291 935 1346 ruodo

49 1403 66 1432 α
91 1399 184 1438 unurn
199 1397 300 1437 omnes
320 1381 444 1437 sentient
463 1396 494 1436 ac
515 1380 649 1451 probent,
671 1382 770 1436 contra
784 1378 814 1434 in
828 1379 935 1434 dissen-

49 1492 67 1522 «
90 1471 174 1527 sione
189 1470 296 1526 nullarn
317 1485 348 1525 se
366 1469 487 1526 salutem
503 1469 662 1540 perspicere
675 1488 701 1524 n.
722 1469 757 1542 [3]
774 1468 829 1524 Res
841 1469 935 1540 dispu-

49 1559 165 1614 tatione
190 1559 224 1614 ad
248 1557 371 1615 mediani
397 1561 509 1628 noctem
538 1557 711 1630 perducitur.
741 1558 866 1614 Tandem
888 1560 936 1614 dat

49 1647 142 1722 platta
173 1651 321 1718 permotus
353 1664 474 1717 manus;
510 1651 626 1718 superat
653 1647 793 1704 sententia
826 1648 933 1704 Sabini.

47 1791 82 1840 V,
92 1802 174 1840 xxvru,
184 1793 227 1832 2-3.
237 1814 263 1821 -
272 1791 306 1842 iti,
316 1791 347 1834 ies
356 1790 445 1834 soldets.
456 1809 483 1820 -
513 1789 646 1844 personneile
653 1789 740 1844 indique
749 1803 775 1832 au
783 1781 887 1832 contraire
896 1804 936 1846 qne

11 1867 13 1872 ·
47 1853 160 1905 sapient,
171 1857 245 1894 serent
253 1852 279 1894 de
288 1853 343 1895 bons
357 1853 428 1908 iuges,
437 1865 485 1895 seu-
513 1852 532 1894 le
549 1853 646 1895 re'ttexion
664 1854 761 1906 repererit.
779 1853 892 1896 L'absenre
911 1855 936 1896 dc

48 1919 104 1956 rant
123 1912 235 1967 appreciet
257 1927 289 1956 run
307 1915 409 1958 conduite
426 1920 448 1957 et
466 1915 484 1956 la
512 1915 668 1970 conionetions,
675 1915 694 1956 la
701 1914 791 1957 briereti
798 1915 835 1957 des
843 1916 936 1969 phrases,

49 1976 136 2018 tienne.
154 1975 183 2006 —'
198 1976 221 2016 ei
237 1977 336 2030 pravius
351 1978 409 2030 qnid
425 1979 486 2020 acci·
513 1977 649 2032 lespre'sents
662 1975 794 2030 historiques
806 1977 936 2020 donncntnu

48 2039 126 2088 derit,
135 2036 281 2090 euphemismc
290 2051 294 2078 :
303 2051 332 2080 en
339 2051 380 2081 cas
390 2041 418 2081 de
427 2040 486 2082 mai-
513 2039 598 2094 stylede
608 2043 656 2080 tout
663 2050 686 2080 ce
693 2037 787 2091 chapitre
795 2051 823 2080 un
834 2041 937 2081 caractere

49 2103 125 2143 henr.
142 2123 172 2130 —
185 2099 227 2141 aas
241 2105 268 2150 te,
284 2101 356 2143 o.-'e-d.
372 2101 443 2144 Cotte.
460 2120 485 2139 =
514 2100 539 2143 dc
552 2099 640 2142 uiuacite'
653 2111 679 2141 cn
695 2100 770 2142 accord
784 2113 833 2142 orec
847 2101 878 2142 tes
889 2101 937 2144 faits

50 2171 72 2208 3.
93 2163 193 2204 licent...
211 2163 353 2213 sustineant,
368 2164 387 2205 le
401 2167 485 2218 present
514 2164 634 2216 repperies,
645 2163 844 2216 comprehendant
859 2175 870 2204 a
885 2175 938 2216 pour

50 2225 81 2267 du
102 2223 226 2277 sirhjonctii
245 2236 305 2277 parce
328 2237 369 2280 quc
388 2225 486 2268 Titurius
513 2225 585 2278 sujet:
606 2225 635 2266 ies
649 2225 753 2265 membres
767 2223 795 2266 du
812 2224 900 2277 ronseit,
918 2231 938 2267 et

50 2286 171 2328 considere
186 2297 267 2328 comme
283 2287 376 2340 possible
390 2287 409 2329 tn
426 2288 486 2329 renti·
513 2285 613 2339 signino:
628 2287 659 2328 its
672 2289 789 2340 prennent
808 2287 840 2327 tes
858 2289 938 2328 mains

51 2350 129 2391 sation
140 2347 167 2389 de
181 2346 200 2388 le
213 2348 323 2391 condition
339 2350 361 2390 si
373 2361 417 2402 per
428 2353 448 2391 te
458 2351 486 2392 ti·
513 2349 552 2390 des
575 2350 638 2391 deun
655 2351 785 2403 poeniceum.
805 2372 831 2378 -
849 2349 939 2390 dissen-

51 2415 116 2454 σθαι.
133 2432 160 2440 -
180 2422 236 2460 non,
254 2415 276 2452 et
295 2423 336 2453 ne:
348 2411 368 2453 ia
385 2411 485 2465 negetion
513 2412 580 2452 sione
597 2417 617 2453 et
633 2412 778 2464 pertinacia,
798 2410 914 2464 hendiadys
933 2426 937 2452 :

52 2477 120 2528 porte
129 2484 168 2514 sur
178 2472 264 2514 tontole
273 2473 485 2528 phrase-rejecti,
512 2474 633 2526 pertinaci
649 2473 804 2522 dissensione,
819 2472 847 2512 ct.
862 2472 878 2522 1,
892 2485 906 2523 1,
918 2481 937 2515 3.

52 2535 175 2590 rcpousses
193 2534 250 2588 (erec
266 2535 360 2590 me'pris),
379 2535 484 2592 relcpati,
514 2553 539 2572 =
547 2543 567 2578 2.
578 2537 605 2576 in
614 2535 770 2584 dissensione,
779 2535 851 2577 cdd.
861 2536 883 2575 ei
892 2535 940 2575 die-

51 2591 207 2640 abnndonnie's.
513 2597 592 2640 sensio
602 2598 641 2638 eit.
651 2613 675 2632 =
685 2603 703 2640 3.
713 2607 759 2646 ree,
769 2608 792 2637 ce
802 2601 847 2638 mot
857 2601 889 2637 est
898 2608 940 2637 em-

80 2658 167 2707 XXXI,
189 2666 207 2701 ί.
227 2659 408 2714 consaepitar...
427 2672 486 2702 cone
515 2661 575 2713 pioyi
583 2671 637 2712 pour
645 2657 940 2712 lnss·i0is'aqueiquestignes

50 2717 486 2775 prehendunt,leiorrneimpersonneite
514 2720 940 2774 ‹tedistence30nremarquernqu'iiiaut

52 2778 487 2836 inanireq'oet'acuonestindependante
516 2783 533 2824 te
543 2782 637 2824 treduire
646 2781 728 2836 chaque
745 2781 787 2824 fois
802 2795 839 2837 par
854 2796 881 2825 un
896 2790 941 2826 mot

53 2849 80 2889 ‹le
91 2847 113 2889 lo
130 2845 221 2886 nolonte
237 2843 265 2885 du
282 2844 345 2898 sujet,
363 2845 439 2899 qu'etic
455 2851 487 2888 est
516 2843 590 2896 pricis,
601 2842 654 2885 dans
664 2843 682 2884 le
693 2839 783 2897 preniicr
794 2848 815 2886 et
830 2845 848 2887 te
863 2847 939 2888 second

54 2907 188 2962 spontanee,
201 2905 241 2946 elie
251 2909 292 2946 rnet
307 2906 377 2959 piutot
390 2918 416 2948 en
429 2906 489 2948 retici
515 2917 550 2947 ees
565 2918 602 2958 per
615 2907 739 2956 situation,
751 2906 804 2948 dens
823 2908 841 2950 lc
858 2909 940 2951 dernier

25 3011 26 3016 ,
55 2970 147 3013 t'action
158 2979 201 3022 que
211 2967 230 3009 te
242 2967 383 3021 personnetite'
397 2967 423 3010 de
436 2980 486 3010 ceux
516 2980 552 3022 per
561 2970 680 3020 question,
690 2968 737 3011 uoir
747 2970 784 3012 des
793 2973 897 3027 exemptes
904 2971 941 3014 des

25 3017 28 3086 ἱ
54 3034 94 3089 qui
103 3028 330 3083 l'nccornplissenttci.
338 3029 376 3072 des
385 3030 488 3084 exemptos
516 3041 565 3071 sens
580 3030 605 3072 si
616 3031 686 3073 divers
699 3032 725 3073 de
739 3045 785 3084 res,
803 3034 818 3084 l,
829 3047 874 3084 xiv,
886 3041 903 3076 7.
915 3055 940 3064 -·

26 3087 29 3154 i
53 3106 137 3138 encore
147 3091 410 3146 piussensibles,ilt,xxv,
420 3100 426 3134 t
436 3105 440 3141 ς
450 3091 486 3141 tv,
516 3092 556 3132 dat
569 3104 664 3145 manne,
675 3095 796 3148 metaphorc
813 3097 864 3136 tices
882 3096 906 3137 de
920 3096 938 3135 la

27 3157 29 3182 ³
54 3170 110 3208 xxv,
122 3161 148 3206 t,
159 3164 219 3204 xxxi,
230 3159 253 3203 ³3
265 3151 292 3202 V,
303 3164 338 3202 xe,
350 3155 381 3206 ³);
393 3153 412 3193 ie
423 3152 488 3193 turine
517 3163 592 3206 guerre
601 3156 719 3199 :s'auouer
728 3159 816 3199 vainen
835 3159 855 3200 le
866 3156 940 3197 ueincu

126 3247 161 3284 ne
179 3245 257 3282 senno
273 3245 384 3281 eunuco,
793 3239 821 3285 18
839 3225 842 3231 ’

867 3404 888 3407 ...
897 3389 977 3405 421..ss
