2062 3492
124 167 183 224 alt
403 179 443 224 us
465 179 565 225 nemo
585 159 718 226 onustae

208 373 243 426 ts
255 374 378 426 misteria
392 375 513 426 bretonne
527 375 643 440 s'appose
656 390 690 426 au
704 375 917 440 deumquemem.

302 447 517 514 bteoursgement
531 446 563 498 de
579 447 681 498 t'urmee
697 447 816 498 romaine.

156 619 251 678 XXIV.
266 620 303 694 [1]
318 621 354 676 nt
373 618 497 687 barbari,
519 619 639 676 consilio
654 619 850 676 Romanorum
875 622 993 692 cognito,

121 709 268 782 praemisso
282 706 410 781 equitatu
428 711 457 764 et
470 707 632 777 essedariis,
649 724 706 781 quo
716 708 887 780 plerumque
897 724 993 780 genere

120 799 149 855 in
171 797 278 870 proeliis
299 796 342 853 uti
363 801 548 866 consuerunt,
578 796 697 869 reliquis
724 797 814 868 copiis
842 796 992 865 subsecuti,

120 891 234 944 nostros
257 885 376 944 navibus
396 885 494 958 egredi
517 885 715 958 prohibebant.
740 886 777 960 [2]
800 886 871 942 Erat
892 885 992 942 obbas

119 993 220 1032 causas
239 991 353 1032 summa
371 974 534 1044 difficultas,
554 975 631 1048 quod
652 991 739 1032 naves
753 979 873 1047 propter
891 975 992 1048 magni-

119 1065 248 1122 tudinem
267 1063 321 1120 nisi
341 1063 370 1121 in
389 1064 447 1122 alto
466 1063 601 1120 constitui
620 1080 678 1120 non
694 1067 843 1136 poterant3
860 1063 992 1120 militibus

119 1157 224 1222 autem,
237 1153 342 1226 ignotis
356 1153 437 1222 locis,
449 1151 593 1225 impeditis
604 1153 747 1222 manibus,
759 1169 867 1226 magno
881 1157 911 1210 et
922 1152 990 1226 graii

118 1259 204 1300 onere
219 1259 366 1299 armorum
380 1241 534 1314 oppressis,
547 1241 634 1298 simul
649 1247 679 1298 et
692 1243 727 1298 dc
737 1241 860 1299 navibus
869 1243 990 1299 desilien

118 1333 186 1388 dum
201 1331 273 1388 etin
289 1330 422 1388 fluctibus
437 1330 651 1387 consistendum
665 1335 695 1388 et
709 1349 776 1388 cum
791 1331 926 1389 hostibus
938 1335 990 1388 crat

118 1421 313 1493 pugnandum,
334 1419 371 1492 [3]
390 1435 456 1475 cum
475 1419 517 1474 illi
536 1422 586 1476 aut
608 1435 643 1474 ex
666 1418 746 1476 arido
765 1424 816 1476 aut
834 1419 989 1492 paulumin

118 1525 220 1582 aquam
236 1507 391 1581 progressi,
407 1507 541 1564 omnibus
561 1506 699 1563 membris
717 1507 870 1580 expeditis,
886 1508 989 1566 notissi-

117 1597 172 1654 mis
187 1597 267 1666 locis,
284 1597 417 1654 audacter
431 1597 488 1652 tela
502 1595 676 1670 conjicerent
684 1599 714 1652 ct
723 1613 815 1670 equos
825 1596 989 1654 insuefactos

118 1685 276 1742 incitarent.
305 1685 342 1758 [t]
368 1685 478 1752 Quibus
511 1685 597 1742 rebus
622 1685 713 1742 nostri
743 1686 889 1758 perterriti
915 1692 989 1760 atquc

117 1775 203 1849 hujus
222 1775 338 1832 omnino
353 1773 466 1848 generis
480 1791 584 1848 pugnae
598 1773 733 1847 imperiti,
749 1791 808 1832 non
827 1777 928 1834 eadem
941 1777 990 1833 ala·

116 1863 215 1920 oritate
229 1880 261 1919 ac
271 1863 376 1932 studio,
392 1879 450 1937 quo
463 1862 492 1919 in
506 1861 686 1937 pedestribus
700 1863 742 1921 uti
757 1865 869 1937 proeliis
881 1881 990 1924 consue-

118 1956 191 2022 rant,
207 1951 369 2010 utebantur.

142 2113 538 2170 xxiv,1.earacrt,roy.n0u111,
566 2127 589 2159 ae
609 2116 731 2160 troursient
750 2118 783 2161 ies
801 2118 914 2163 Romsins.
931 2136 953 2156 =
969 2123 987 2161 3.

114 2191 150 2230 xv,
170 2187 188 2222 t.
199 2201 225 2210 -
236 2177 407 2230 Rornanorum,
424 2190 472 2233 vop.
489 2183 539 2221 notc
566 2191 596 2222 ca·
608 2180 687 2232 ανίἀο,
706 2179 793 2234 jaindre
815 2181 828 2224 it
846 2182 988 2238 conjicerent.

114 2241 150 2293 111,
167 2252 225 2292 xxiv,
241 2244 296 2282 t.-
311 2241 413 2295 coquito,
430 2241 539 2294 proema's-
566 2264 592 2273 -
608 2242 762 2294 insuefactos,
781 2243 868 2288 dresses
884 2245 906 2296 s,
921 2253 989 2286 socon

116 2315 149 2355 so,
167 2315 215 2358 roy.
234 2301 250 2354 t,
261 2313 320 2353 xxiv,
340 2307 359 2346 t.
371 2323 399 2335 -
410 2303 538 2357 premisso
566 2304 636 2346 tumes
645 2303 665 2346 t.
679 2302 710 2346 Ca
724 2308 770 2346 mot
785 2317 812 2347 ne
828 2318 852 2348 se
865 2311 938 2348 trouve
951 2315 989 2358 quc

114 2365 220 2419 equitatu
236 2369 257 2406 ct
277 2365 414 2416 essedariis,
433 2375 470 2408 sur
490 2365 539 2407 l'ac-
566 2365 620 2408 dans
636 2364 702 2408 Cc'sar
721 2370 743 2408 ct
763 2367 792 2409 ici
812 2368 934 2410 seulement.
959 2365 989 2407 (tu

114 2427 174 2478 cord,
184 2439 233 2481 roy.
243 2427 326 2478 t,xxv1,
336 2427 428 2480 Μαίας
437 2438 539 2470 surcsse
566 2432 617 2482 peut
633 2427 761 2482 rspprocbcr
774 2428 801 2472 dc
817 2441 841 2472 ce
857 2434 902 2472 mot
915 2430 989 2471 tasua—

116 2490 203 2539 dara'ts,
212 2499 260 2542 toy.
270 2489 356 2541 Arme'e,
366 2497 390 2531 ιιο
402 2496 446 2534 ¹85.
457 2485 539 2543 -auo
566 2501 637 2541 scere,
646 2489 684 2544 qui
693 2490 732 2532 sle
739 2502 789 2533 sens
797 2491 933 2536 d'babttusr.
940 2491 987 2532 Ter.

115 2563 206 2607 paucae,
223 2550 297 2594 c.-'s·d.
316 2564 399 2606 pcucrc
414 2553 539 2606 copiarum
566 2551 665 2605 Adstpb.
685 2552 700 2603 1,
718 2564 734 2604 1,
753 2557 788 2604 ³0,
803 2555 920 2605 insuetus,
938 2563 986 2594 sau

114 2623 168 2666 quo.
179 2635 206 2644 -
214 2613 314 2665 reliquis
325 2614 401 2667 copiis
411 2614 537 2664 subsecuti,
566 2612 672 2656 contraire
689 2614 708 2656 te
721 2626 771 2657 sens
785 2615 812 2659 de
827 2617 985 2660 dasbabttucr:

113 2686 161 2728 vop.
172 2680 222 2717 note
231 2673 256 2726 11,
262 2686 301 2725 vu,
312 2677 450 2730 t.—c9redi
457 2676 538 2730 probb
565 2687 604 2718 sur
621 2688 645 2718 cc
663 2676 742 2720 donbie
756 2689 808 2722 sens
823 2679 850 2722 dc
865 2677 986 2722 iudanstes

113 2737 202 2788 bcbaut,
213 2748 261 2790 vop.
272 2737 420 2788 not011,1v,2;
429 2749 468 2780 sur
476 2749 538 2792 carc-
565 2739 684 2793 compasse,
699 2739 727 2782 ct.
738 2739 772 2792 111,
788 2753 848 2793 xxvi,
858 2747 878 2794 2,
894 2741 984 2784 tatutis.

113 2795 147 2846 dt,
161 2797 189 2839 ct.
204 2796 242 2847 lV,
256 2807 318 2848 xxin,
328 2801 347 2840 tr.
364 2815 389 2836 =
408 2805 427 2841 2.
448 2799 537 2853 innotis
566 2817 591 2838 =
608 2803 715 2844 baedam
730 2803 859 2846 atacrs'tate
873 2817 900 2848 ac
913 2803 985 2846 studio

115 2857 180 2907 tecta,
204 2858 325 2909 impeditis
345 2860 467 2912 maumas,
488 2874 536 2916 voy.
565 2874 618 2914 quo,
629 2875 752 2918 remarquer
763 2867 846 2909 eadem
861 2871 882 2909 ct
893 2863 983 2920 quanti,

115 2919 163 2982 note
177 2917 202 2963 11,
216 2928 264 2982 vin,
275 2921 295 2965 t,
307 2919 363 2960 toea.
373 2924 536 2973 -opprcssis,
566 2929 651 2977 portant
659 2937 698 2967 sur
711 2925 742 2968 tes
756 2926 811 2968 deux
825 2926 952 2976 substantiis,
959 2936 983 2966 nc

112 2972 185 3036 offa-d:
205 2973 336 3039 mtttttbus3
348 2989 379 3042 'cc
395 2986 440 3021 mot
456 2981 536 3034 depend
565 2984 696 3028 s'accordent
710 2987 797 3042 qu'avec
814 2989 834 3032 le
848 2991 896 3044 plus
908 2987 980 3037 anisio,

114 3026 537 3082 ⁶⁸⁵8⁰¹⁰nd¹fqu1801vent.-simut
564 3043 690 3088 alacritate
707 3053 729 3090 et
752 3051 833 3092 studio
854 3051 940 3095 forment
954 3060 980 3089 un

114 3085 160 3120 ct...
171 3086 253 3122 tta-⁶²·
268 3083 327 3126 Getta
338 3097 493 3140 accumulatior
511 3101 536 3141 dc
564 3104 781 3164 hendiadys,ci.1,1,
797 3119 827 3164 ³;
841 3125 879 3156 sur
893 3109 980 3159 l'sccord,

114 3139 262 3189 conjonctione
280 3149 365 3194 masque
379 3150 498 3197 l'embnrrss
507 3160 535 3199 cit
564 3173 611 3215 roy.
621 3170 671 3207 note
679 3167 695 3218 1,
706 3180 765 3224 xxva,
775 3174 797 3222 b,
807 3172 867 3226 tilia.
