2494 3540
386 196 482 239 nreuu
505 197 526 251 ι,
551 195 621 240 cer.
646 195 729 242 xnrv.
962 182 998 236 79

125 335 136 365 ι
154 330 213 369 esse
234 313 360 386 iniquos,
381 311 459 383 quod
481 310 510 366 in
532 327 585 368 suo
601 311 668 386 jure
686 327 718 368 se
738 309 996 384 interpellaremus.

125 423 137 453 ιι
155 403 189 476 [e]
205 402 288 469 Quod
301 402 408 458 iratres
423 399 549 456 Haeduos
569 401 727 473 appellatos
747 401 864 470 diceret,
885 416 942 456 nou
967 416 998 456 so

125 513 136 542 ι
154 497 208 546 tam
222 491 379 547 barbarum
395 506 488 562 neque
506 495 566 546 tum
586 489 749 562 imperitum
764 507 827 547 esse
842 507 949 558 rerum,
967 493 998 546 ut

125 601 136 630 ιι
153 596 206 634 non
220 579 309 635 sciret
322 595 417 650 neque
434 578 510 636 bello
528 578 715 654 Allobrogum
732 579 859 652 proximo
875 577 997 635 llaeduos

125 689 136 720 ιι
154 669 287 725 Romanis
301 667 440 726 auxilium
456 665 673 742 tulisse,'neque
683 668 770 740 ipsos,
781 667 810 724 in
824 668 870 724 his
884 673 998 724 conten·

125 777 136 808 ι
154 758 276 814 tionibus
291 773 367 830 quas
384 755 483 812 llaedui
499 773 597 812 secum
610 761 639 813 el
650 774 716 814 cum
732 757 871 830 Sequanis
880 755 999 813 hahuis-

126 866 137 896 ι
154 851 223 917 sent,
246 845 355 902 auxilio
376 845 473 918 populi
494 846 613 922 Romani
635 863 704 902 usos
721 863 793 903 esse.
819 845 873 920 [1ο]
890 845 998 902 Debere

125 954 137 984 ιι
154 952 181 990 se
195 933 338 1012 suspicari
357 934 493 992 simulate
514 935 655 992 Caeserem
675 935 809 1008 amicitie,
824 935 902 1009 quod
916 951 999 992 orer-

127 1043 138 1072 «
155 1023 238 1080 citum
253 1024 282 1080 in
299 1023 394 1080 Gellia
406 1023 519 1094 habeat,
530 1023 574 1079 sui
590 1023 767 1096 opprimendi
782 1040 869 1081 causa
883 1022 996 1081 habere:

127 1131 138 1161 ι
157 1112 207 1185 ill]
222 1112 278 1180 Qui
293 1111 352 1170 nisi
367 1113 485 1169 decedat
501 1117 587 1186 alque
601 1112 756 1170 exercitum
771 1113 894 1170 deducat
906 1129 939 1168 er
954 1112 998 1168 his

129 1201 331 1276 «regionibus,
347 1218 417 1277 *sese
444 1201 527 1258 illum
549 1218 606 1259 uon
631 1219 683 1278 pro
712 1201 814 1270 emico,
840 1202 890 1258 sed
918 1201 999 1258 hoste

128 1308 140 1340 ιι
157 1289 331 1346 habiturum.
348 1289 402 1362 [12]
418 1288 500 1356 Quod
514 1289 538 1346 si
551 1306 617 1346 eum
633 1289 816 1358 interfecerit,
828 1288 930 1344 mullis
938 1303 1000 1345 sese

130 1396 142 1426 ι
158 1377 298 1434 nobilibus
313 1377 546 1452 principibusque
560 1379 657 1452 populi
672 1377 793 1436 Romani
808 1381 923 1451 gratum
937 1390 1000 1434 esso

131 1483 142 1514 ι
160 1467 314 1536 lactumm,
329 1467 358 1523 id
373 1483 404 1523 se
419 1469 454 1522 ab
470 1467 540 1540 ipsis
553 1485 718 1541 percorum
737 1467 854 1524 nuntios
868 1483 1000 1540 comper-

132 1557 215 1611 etum
233 1558 350 1626 hebere,
365 1573 488 1629 quorum
507 1557 636 1614 omnium
655 1557 776 1631 gretiam
795 1561 880 1630 eterne
899 1556 1000 1612 amici*

132 1662 143 1692 ι
160 1645 222 1700 tiem
236 1647 301 1720 ejus
316 1651 408 1702 morto
422 1646 562 1703 redimere
576 1652 682 1719 posset.
695 1649 750 1721 [13]
762 1648 845 1716 Quod
855 1647 878 1702 si
889 1647 999 1703 disces-

133 1751 144 1781 «
161 1733 240 1790 sisset
253 1739 282 1794 et
301 1735 421 1791 liberam
440 1735 653 1807 possessionem
673 1737 770 1794 Gallie
789 1736 844 1792 sibi
864 1736 999 1793 tradidis-

134 1826 209 1890 «sel,
237 1817 342 1896 magno
367 1841 398 1880 se
427 1824 653 1897 illumpraemio
682 1831 942 1894 remuneraturum,
971 1830 1000 1882 et
1037 1849 1043 1862 ·

134 1926 145 1957 ι
161 1925 342 1985 quaecumque
356 1912 432 1969 belle
443 1913 507 1992 „geri
521 1914 616 1983 vellet,
632 1914 693 1972 sine
707 1915 766 1972 ullo
780 1914 844 1988 ejus
859 1915 955 1971 labore
970 1919 998 1970 et

135 2016 147 2046 «
163 1999 281 2069 periculo
297 2003 505 2058 coniecturum.
521 2023 536 2056 o

136 2201 244 2242 personum.
258 2219 285 2228 -
301 2197 329 2239 tn
346 2209 392 2240 ruo
404 2195 462 2252 §um
473 2197 550 2240 eneae
575 2199 693 2254 cependant
698 2213 726 2244 on
736 2205 811 2244 trouve
816 2200 874 2244 anesi
882 2202 918 2252 ia,
928 2201 956 2246 cl.
965 2203 1001 2246 ιἰι-

136 2255 272 2322 petloremua,
295 2259 463 2306 troublerdene
478 2259 550 2303 l'exer-
575 2263 643 2315 {rm
653 2271 684 2316 tt,
692 2265 803 2316 cumetfl
815 2267 838 2307 lt
849 2265 895 2315 ;lie
904 2264 920 2315 l,
928 2271 999 2314 xmo.

136 2327 172 2359 nce
186 2319 210 2362 de
225 2333 263 2364 een
278 2321 343 2366 droit.
362 2339 388 2360 =
407 2329 427 2367 9.
449 2324 557 2377 fratrer,
576 2338 711 2380 -ooopro
725 2327 811 2378 amieo,
822 2327 862 2370 aad
871 2327 943 2376 toste,
953 2327 1001 2368 l'ab-

139 2389 177 2434 tor.
187 2383 257 2436 notel,
266 2398 349 2438 mur,
358 2391 378 2428 2.
397 2407 424 2426 -.
433 2386 521 2428 diecret
536 2399 547 2428 ιι
575 2400 637 2430 eenca
655 2388 682 2432 de
698 2389 718 2432 la
728 2388 861 2443 proposition
874 2389 927 2430 dune
938 2389 956 2430 le
970 2401 1001 2430 so-

139 2446 239 2500 peursuiet
248 2447 548 2499 cesar.-m=um,trendre
575 2451 630 2494 cond
644 2452 737 2494 membre
747 2451 773 2492 de
787 2451 863 2505 phrase
872 2450 942 2493 donne
952 2451 1001 2504 plus

140 2512 169 2554 lar
176 2519 201 2548 un
208 2515 250 2552 mot
260 2511 330 2565 precis
340 2524 345 2554 z
354 2512 414 2564 suits
422 2523 427 2563 ;
436 2511 464 2553 cl.
476 2511 493 2562 l,
502 2523 547 2564 xiv,
575 2511 601 2554 de
606 2511 711 2556 vivacitdl
718 2512 863 2566 l'expression.
871 2529 895 2548 =
904 2520 934 2556 12.
941 2515 1001 2565 quod

141 2569 156 2606 l·
168 2589 191 2598 -
203 2569 281 2618 bello...
296 2574 423 2627 promente,
444 2573 472 2615 cl.
487 2572 547 2625 l,v1,
575 2575 606 2626 et,
622 2575 690 2617 meme
704 2575 731 2616 sl.
748 2594 775 2606 -
789 2575 908 2628 pretinm,
923 2585 958 2616 ces
972 2587 1002 2616 rc·

141 2631 157 2667 ².
169 2650 192 2659 —
204 2632 263 2684 ipseo
273 2635 394 2690 (Haeduos),
407 2645 464 2689 pour
473 2635 548 2676 rendre
575 2635 791 2680 lutionsd'Arioriste
800 2635 1003 2677 auecl'rristocretie

141 2685 157 2728 ¹³
169 2691 234 2743 lhraee
251 2698 300 2750 plus
316 2697 389 2741 claire.
408 2720 437 2730 —
461 2707 547 2749 eccum,
576 2698 671 2742 romaine
685 2701 736 2738 sont
756 2695 936 2746 rraieemblables,
953 2697 1004 2738 elles

143 2752 266 2800 urionem:
273 2762 427 2804 loeimulota
433 2760 548 2804 Censorem
575 2765 626 2803 sont
638 2762 727 2801 eurtout
736 2769 764 2800 un
775 2761 887 2810 argument
896 2769 921 2798 eu
932 2757 1004 2800 lereur

143 2816 242 2869 militia.
264 2835 315 2866 sous
338 2825 432 2878 pretextu
454 2822 547 2866 d'emitie'
575 2823 601 2864 de
618 2822 637 2864 la
653 2821 708 2862 tutte
721 2817 965 2873 entrepriseparCe'ser.
978 2837 1002 2856 =

143 2872 330 2941 (lourlesEduens).
340 2887 458 2929 Cursorem
464 2889 497 2927 est
506 2885 548 2928 mis
578 2887 609 2928 tt.
621 2880 770 2925 discessisset
782 2880 856 2923 dillere
865 2881 891 2924 de
902 2881 1003 2932 decedat,

145 2946 165 2977 eu
173 2941 225 2986 reliei
230 2957 265 2999 par
272 2960 312 2990 une
319 2948 434 3004 hyperbato
444 2947 549 2990 essurire-
576 2947 589 2998 β
605 2953 644 2995 11ς
660 2943 774 2995 decedere,
790 2941 926 2985 abandonner
945 2949 1004 2986 toute

146 3009 220 3056 lucum
229 3009 254 3051 ol.
265 3012 344 3055 stolo
353 3011 388 3062 lll,
399 3023 439 3062 ιιι,
450 3018 467 3053 l.
478 3026 504 3048 =
516 3017 544 3053 11.
576 3005 712 3061 pretention3
736 3006 862 3056 discedere,
881 3006 925 3047 s'en
944 3006 1004 3055 aller,

147 3063 179 3109 tui
186 3067 238 3119 ciel,
246 3071 298 3115 donc
309 3073 336 3116 si.
347 3097 374 3104 -
383 3074 464 3124 illum,
472 3072 491 3114 le
501 3083 550 3126 pro-
577 3069 719 3122 eimplement.
730 3091 756 3099 -
767 3067 783 3110 ll
792 3081 805 3122 r
815 3079 827 3109 a
841 3067 895 3109 dans
908 3077 943 3108 ces
959 3066 1007 3107 der-

149 3127 234 3170 nomine
247 3135 345 3187 complace
360 3140 389 3177 tu
403 3135 434 3177 du
454 3133 510 3188 style
518 3132 551 3175 di·
579 3131 637 3174 niers
656 3129 797 3183 paragraphes
817 3141 846 3170 un
867 3129 1008 3179 changemeet

151 3188 191 3236 ¹⁰⁰²,
203 3187 345 3250 e’mtl’emploi
356 3197 376 3240 le
384 3197 436 3251 plus
442 3195 550 3249 frequent,
580 3191 690 3247 perpetuet
704 3191 742 3232 des
755 3195 824 3242 temps
838 3188 892 3230 dont
907 3187 923 3226 il
937 3190 970 3225 est
980 3184 1010 3224 le-
