2192 3480
309 201 404 245 arana
423 202 468 258 vr,
491 201 560 246 cae.
584 203 687 249 xr-xrr.
876 193 934 250 325

52 316 87 371 ab
102 315 223 372 Hmduis
241 315 277 370 ad
296 331 327 371 se
344 315 527 373 traducerent
546 316 718 392 obsidesque
732 319 767 376 ab
781 319 817 377 iis
832 320 934 393 princi-

51 420 120 475 pum
135 402 213 458 lillos
227 401 396 475 acciperent,
416 407 446 460 et
463 404 575 476 publice
588 405 686 480 jurare
709 412 845 482 cogerent
862 408 932 466 nihil

51 508 81 548 se
94 495 198 549 contra
213 492 361 565 Sequanos
375 491 486 549 consilii
505 493 638 563 inituros,
653 500 682 552 ot
696 501 804 568 partem
820 497 931 556 finitimi

50 580 111 655 agri
133 596 188 654 per
209 579 267 636 vim
287 584 454 654 occupatam
473 581 654 654 possiderent
672 584 825 658 Galliaque
844 585 931 644 totius

49 668 244 742 principatum
267 669 438 727 obtinerent.
460 670 496 744 [5]
519 670 582 738 Qua
604 673 773 732 necessitate
791 675 930 734 adductus

48 757 223 826 Diviciacus,
241 756 338 815 auxilii
362 757 475 831 petendi
489 775 585 830 causa,
601 759 721 818 Romam
742 763 778 820 ad
799 768 929 821 sonatum

47 847 206 920 protectus,
226 845 392 919 imperfecta
410 863 442 904 re
461 847 593 905 redierat.
615 847 651 923 [6]
667 853 793 908 Adventu
809 852 930 910 Caesaris

46 937 120 993 lacta
138 934 366 1008 commutatione
385 952 493 1005 rerum,
506 935 655 994 obsidibus
670 938 785 995 Haeduis
800 939 927 1010 redditio,

20 1061 22 1070 ‚
45 1025 194 1082 veteribus
208 1023 348 1081 clientelis
362 1023 513 1095 restitutis,
533 1025 614 1083 novis
633 1043 684 1100 per
697 1027 838 1085 Caesarem
853 1046 928 1086 com-

44 1113 166 1186 paratiS,
182 1143 218 1154 -
230 1111 307 1186 quod
324 1110 354 1168 hi
373 1111 421 1186 qui
436 1129 467 1170 se
482 1113 517 1169 ad
531 1130 631 1172 eorum
653 1115 807 1172 amicitiam
827 1131 928 1191 aggre-

43 1203 195 1274 gaverant,
210 1199 328 1257 mollero
342 1199 508 1259 condicione
521 1207 607 1276 atque
622 1201 746 1276 aequiore
761 1203 880 1276 imperio
896 1223 927 1263 so

43 1291 83 1349 uti
104 1290 253 1360 videbant,
270 1289 440 1363 -reliquis
460 1292 546 1349 rebus
571 1308 672 1350 corum
693 1292 786 1367 gralia
809 1294 928 1368 dignita-

42 1384 128 1455 teque
158 1378 346 1452 amplificata,
375 1379 499 1452 Seqnam
528 1380 719 1454 principatum
747 1382 923 1443 dimiserant.

43 1467 78 1542 [7]
102 1468 136 1524 ln
161 1483 263 1524 corum
285 1467 381 1524 locum
404 1467 486 1525 Remi
510 1473 723 1539 successerant3
753 1487 825 1545 quos
849 1475 925 1546 quod

42 1558 195 1632 adaequare
209 1556 284 1628 apud
299 1555 439 1614 Cesaram
458 1557 550 1631 gratia
569 1557 797 1633 intellegebatur,
820 1560 850 1630 ii,
875 1563 923 1637 qui

42 1651 162 1721 propter
184 1646 294 1702 veteres
316 1644 479 1703 inimicitias
501 1648 582 1704 nullo
606 1647 690 1706 modo
718 1665 784 1708 curn
808 1650 923 1709 Haeduis

40 1732 181 1810 conjungi
204 1736 344 1806 poteraut,
368 1751 399 1791 se
427 1733 524 1792 Remis
547 1735 576 1792 in
597 1735 758 1794 clientelam
780 1737 920 1797 dicabant.

37 1954 220 2012 apricam,
228 1951 403 2008 principatum,
417 1963 465 2006 vop.
496 1949 551 2004 pond
566 1949 746 2005 d'cmpllttcota;
763 1963 801 1995 sur
817 1964 852 1996 ces
865 1953 922 1998 abla-

37 2021 96 2062 Dict.
107 2019 175 2062 litat.
186 2015 325 2070 -pubta'cc,
334 2027 362 2058 aa
376 2025 426 2057 nom
440 2014 467 2057 de
496 2012 541 2064 tiis,
551 2012 579 2064 cl.
589 2013 606 2064 l,
616 2025 637 2064 r,
648 2015 921 2068 &compluribus-di.

37 2072 111 2134 tnnc,
120 2081 152 2124 et.
165 2079 317 2130 1‚xv1,¹.=s.
323 2079 422 2121 nomem
424 2108 465 2120 .....
494 2075 636 2129 petasoque,
646 2076 665 2118 to
674 2076 726 2120 latin
737 2077 792 2120 evin
807 2079 833 2122 ue
844 2085 919 2122 mettre

34 2147 159 2198 prosectu
172 2154 199 2185 en
213 2140 293 2194 tttltl,
308 2139 336 2183 cl.
350 2140 368 2191 l,
377 2151 435 2191 mr,
445 2144 465 2184 ο.
494 2149 537 2190 mcc
550 2141 610 2193 apr'es
624 2151 653 2181 nn
668 2151 681 2181 c
696 2139 749 2190 bret,
766 2139 831 2183 Gesar
846 2141 919 2185 n’ollre

36 2205 215 2260 -a'mpcrsccta
228 2207 251 2245 et
262 2214 306 2245 non
320 2202 417 2254 intecto,
428 2201 467 2244 des
494 2199 520 2242 dc
534 2204 569 2242 oct
582 2199 661 2256 emploi
675 2213 717 2256 que
732 2201 787 2244 deur
805 2204 919 2258 exemplos,

37 2267 190 2323 negociatione
208 2265 293 2309 avaient
307 2264 342 2307 tto
359 2264 466 2308 entamdcs
493 2261 577 2305 celnici
586 2267 608 2306 et
621 2275 650 2306 uu
665 2269 725 2306 autre
738 2265 767 2306 dc
781 2265 807 2307 B.
820 2265 868 2308 Cic.
882 2267 918 2318 lll,

35 2334 56 2373 et
65 2329 166 2374 Diviciac
175 2329 231 2372 avait
240 2340 291 2384 recu
304 2326 331 2372 de
340 2326 466 2380 bonnespa·
492 2335 561 2377 aevu,
587 2329 607 2367 ³.
624 2347 650 2356 -
668 2325 818 2376 dimiserant,
835 2327 918 2370 avaient

36 2393 100 2436 coles.
115 2409 143 2431 =
158 2397 179 2436 o.
194 2392 304 2442 ademta,
319 2401 367 2444 vop.
382 2392 433 2432 noto
447 2388 464 2439 l,
493 2384 556 2429 laissa
573 2387 683 2442 e'cbapper‚
702 2387 785 2429 avaient
801 2388 873 2441 perdu.
891 2406 916 2425 =

34 2465 81 2506 xm,
99 2463 126 2506 23
143 2453 246 2509 jusqu'au
266 2454 315 2506 fit,
333 2449 463 2506 description
493 2455 512 2492 7.
526 2461 584 2502 quoa
597 2449 638 2502 (los
651 2449 744 2502 Remos),
760 2448 817 2503 suist
834 2449 915 2492 duae

34 2516 60 2559 de
69 2517 132 2560 l'dtat
139 2516 168 2560 de
177 2515 197 2558 la
208 2514 276 2558 Gaulo
284 2513 360 2569 depuis
368 2512 464 2557 l'arrivee
491 2523 572 2564 quove,
583 2510 621 2565 qui
633 2523 645 2552 a
655 2521 710 2564 pour
719 2509 798 2563 regim
805 2511 914 2562 Hedaos,

34 2577 145 2622 det'esar.
160 2579 264 2630 —soclo
273 2576 462 2627 commutatione,
491 2572 652 2616 sons-entendu.
671 2595 699 2603 —
716 2571 868 2623 inimicitiae,
893 2585 916 2616 co

33 2642 222 2695 cechangenreat,
244 2639 317 2682 c.·'a-d.
337 2639 356 2682 lc
371 2639 462 2694 change-
491 2642 536 2680 mot
563 2648 589 2678 nc
612 2633 722 2688 s'emplole
752 2633 916 2686 regulitremeut

32 2706 91 2745 ment
105 2703 146 2746 des
162 2706 260 2756 rapports
273 2700 389 2755 politianus
403 2705 462 2744 entre
490 2700 553 2753 qn'au
564 2696 649 2754 pluriel.
660 2718 687 2728 -
700 2695 869 2738 inalienatum
881 2698 916 2739 ds·-

30 2764 62 2805 les
81 2764 185 2814 tactions,
200 2763 252 2805 dtait
269 2762 399 2806 dil-surtout
414 2763 426 2804 a
442 2763 462 2805 la
489 2762 599 2804 cabum...
610 2772 615 2810 ;
626 2759 707 2802 dicore
720 2770 732 2799 a
746 2758 846 2800 conserve
862 2758 914 2801 dans

32 2825 111 2869 delaite
130 2823 274 2875 d'Ariovlste,
291 2823 319 2866 cl.
340 2823 360 2875 l,
381 2835 460 2867 marri.
489 2827 543 2865 cette
552 2819 700 2874 locution,qui
709 2819 776 2874 paruit
785 2818 829 2861 dtrc
836 2818 862 2860 ici
873 2833 913 2862 uae

31 2887 47 2928 ll
58 2901 97 2941 pa
115 2888 136 2930 l'a
152 2897 195 2929 unc
212 2885 369 2928 accumulatiora
387 2885 462 2939 singu-
489 2884 580 2928 lormnlo
592 2883 711 2934 consacree,
729 2882 748 2924 lc
760 2893 809 2924 sens
823 2881 914 2937 primitil

32 2948 83 2992 liero
102 2948 222 2999 d’ablatils,
241 2945 272 2990 les
294 2948 349 2991 trois
364 2947 461 2991 derniers
488 2947 514 2989 de
530 2947 644 2999 dtclurer,
664 2946 728 3001 qn'on
748 2950 844 2988 retrouve
859 2945 913 2989 dans

31 3011 178 3066 developpent
196 3011 388 3060 convocatione,
409 3021 457 3064 voy.
488 3009 584 3059 dicatio,
592 3009 791 3063 declaratiocqu'ou
800 3013 839 3058 est,
847 3009 911 3064 qu’on

32 3077 81 3116 note
90 3074 128 3126 lll,
140 3085 156 3125 r,
165 3076 185 3123 l,
194 3072 296 3125 pretiis.
312 3093 339 3103 -
352 3071 458 3121 Haeduis,
487 3070 573 3112 devient
581 3071 665 3126 citopen
678 3069 733 3123 (Cic.
742 3083 788 3124 pro
796 3072 861 3113 Bato.
872 3070 910 3120 Xl,

30 3135 92 3179 datil.
106 3146 232 3184 -οοηιπι,
243 3134 273 3177 los
282 3122 377 3176 Flducns.
387 3153 414 3163 -
425 3143 460 3172 rc·
487 3137 520 3174 at.
531 3131 563 3173 On
573 3132 612 3174 alc
621 3133 682 3175 verbo
692 3132 745 3176 dans
753 3131 843 3174 lemtme
852 3143 909 3180 sons,

30 3199 106 3252 liquis
114 3197 195 3246 retus,
206 3193 281 3238 ablatil
292 3194 318 3237 de
331 3204 416 3247 moyen,
425 3190 460 3234 dd·
487 3191 524 3242 Vl,
531 3203 578 3242 xrrr,
590 3199 615 3242 2;
624 3193 668 3235 Cic.
683 3204 729 3244 pro
736 3191 799 3234 flato.
816 3191 862 3241 llll,
873 3195 904 3234 ao.
