2424 3468
221 105 279 162 eae
503 120 544 164 ns
565 119 665 164 senno
686 119 808 163 caturco

222 235 257 308 {³}
270 233 420 308 Dispositis
435 235 473 290 ibi
488 234 639 307 presidiis,
659 233 729 290 hora
742 234 824 290 noctis
836 233 943 290 circiter
958 233 1070 300 decime,

220 323 1074 397 siluestribusengnstisqueitineribuslrumentnmimportare

220 413 248 468 in
262 411 396 483 oppidum
413 411 544 468 instituit.
562 413 597 488 [t]
614 412 742 479 Quorum
756 411 894 483 strepitum
907 412 1010 484 vigiles
1022 427 1075 466 cas

219 507 328 558 trorum
343 519 408 558 cunr
419 501 586 570 sensissent,
602 502 843 573 exploratoresque
855 500 932 556 missi
948 517 1014 572 que
1034 517 1078 572 ge-

219 594 349 648 rerentur·
368 591 588 658 renuntiassent,
609 589 745 646 Caninius
762 589 884 646 celeriter
899 607 967 645 cum
988 591 1078 644 cohor-

218 681 294 736 tibus
317 679 435 736 armatis
457 695 491 735 ex
518 679 654 752 proximis
677 679 800 735 castellis
829 678 856 733 in
885 678 1079 734 frumentarios

218 769 271 826 sub
286 769 377 840 ipsam
392 769 484 824 lucem
500 767 638 840 impetum
654 767 729 824 tecit.
747 769 780 841 [5]
797 767 840 836 lli,
855 767 1077 838 repentinomalo

219 857 369 930 perterriti,
391 857 545 928 diffugiunt
564 858 600 912 acl
623 873 676 913 sua
697 857 837 928 presidia3
859 873 921 928 que
942 856 1033 912 nostri
1054 863 1079 910 ut

217 947 358 1014 viderunt,
379 945 474 1002 acrius
496 949 595 1001 contra
613 950 738 1002 armatos
757 944 868 1013 incitati,
888 945 1032 1001 neminem
1052 961 1077 999 cr

216 1051 251 1091 eo
263 1049 382 1091 numero
396 1033 491 1090 vivum
505 1034 566 1107 capi
581 1033 737 1105 patiuntur.
756 1034 789 1107 [6]
806 1033 932 1106 Pmlugit
943 1033 1011 1090 inde
1023 1050 1077 1089 cum

217 1123 313 1195 paucis
328 1121 475 1180 Lucterius
489 1139 541 1180 nec
556 1139 587 1180 se
602 1121 702 1195 recipit
716 1122 745 1178 in
759 1126 857 1179 castro.

261 1343 379 1396 Caninius
389 1349 491 1412 altaque
502 1345 613 1411 Drappes
624 1346 740 1410 ignorant
751 1344 785 1395 dn
799 1349 850 1394 sort
858 1344 891 1394 de
905 1345 1040 1397 Lucterius.

477 1417 588 1482 Drappes
601 1421 640 1468 est
651 1417 721 1468 battu
732 1423 759 1468 et
772 1416 829 1482 pris.

249 1583 368 1643 XXXVI.
391 1587 425 1660 [1]
452 1585 492 1643 lle
519 1587 591 1643 bene
618 1591 709 1660 gesta,
743 1585 882 1642 Caninius
907 1603 943 1643 ex
978 1587 1078 1661 captivis

214 1675 352 1748 comperit
364 1680 472 1749 partem
487 1675 632 1748 sepiarum
653 1692 718 1731 cum
739 1675 877 1747 Drappete
896 1692 964 1734 esse
983 1678 1013 1734 in
1032 1694 1077 1733 ms-

214 1765 266 1822 tris
280 1781 297 1822 a
311 1765 438 1821 millibus
453 1779 509 1821 non
528 1763 651 1837 amplius
669 1779 719 1820 xri.
738 1763 771 1837 [2]
790 1763 853 1831 Qua
871 1782 903 1822 ro
917 1783 955 1823 ex
969 1768 1077 1840 comple

214 1853 293 1911 ribus
315 1853 437 1926 cognita,
462 1869 527 1910 eum
551 1851 744 1926 intellegeret,
774 1854 872 1926 lugeto
895 1855 971 1914 duce
994 1859 1075 1922 altero,

214 1943 378 2017 perterritos
397 1941 521 2014 reliquos
537 1941 619 2000 tuelle
642 1941 764 2014 opprimi
788 1959 883 2015 posse,
904 1961 1018 2020 magne
1030 1946 1076 2002 ieli-

212 2123 244 2166 los
259 2123 318 2165 letes
332 2122 358 2164 da
374 2131 454 2164 somma
464 2125 551 2176 portant
560 2121 579 2163 lc
593 2121 634 2163 ble'.
664 2125 717 2174 tete,
728 2121 744 2173 l,
755 2133 785 2173 rx,
796 2128 815 2166 s.
830 2138 855 2160 =
870 2128 890 2166 e.
905 2135 957 2176 oce,
968 2126 1034 2168 ese.
1046 2138 1076 2167 oe-

212 2203 236 2222 ::
248 2193 267 2229 s.
275 2185 424 2238 dispositis...
430 2183 563 2238 presidiis,
573 2189 636 2239 ayant
664 2188 799 2237 qeetamcm
807 2184 835 2227 ci.
844 2185 859 2235 l,
868 2196 938 2236 xuvn,
946 2194 1074 2237 r.—eostm,

210 2247 274 2290 etaeli
293 2247 330 2290 dra
355 2252 442 2302 troupos
466 2257 504 2289 sur
525 2245 636 2290 dillereots
663 2246 1075 2305 leoamporletaitreste'Drappes,ct.§·r¹

210 2309 284 2365 points
297 2321 351 2364 pour
366 2309 466 2352 detendrs
480 2308 499 2350 le
512 2307 599 2352 couvoi.
609 2331 637 2340 -
689 2306 790 2359 xxxvt,
802 2316 820 2351 r.
830 2311 953 2363 comperit,
969 2313 996 2356 ct.
1011 2314 1025 2365 1,
1034 2326 1076 2362 1111,

210 2373 278 2424 horn,
288 2385 335 2426 voy.
346 2373 430 2423 Armes,
441 2379 464 2414 a·
475 2379 519 2416 tet.
531 2387 556 2408 =
568 2375 588 2415 l.
601 2371 636 2413 ns'·
666 2377 721 2413 1.-
729 2381 744 2412 e
758 2371 874 2422 millibus,
890 2384 939 2426 vop.
950 2381 1000 2418 note
1013 2376 1036 2428 ll,
1044 2389 1076 2427 in,

209 2435 270 2490 pilos
277 2439 419 2485 castrorum,
426 2446 473 2489 roy.
481 2433 565 2486 Armes,
573 2439 633 2478 net.
663 2439 682 2485 t,
692 2437 714 2476 et
723 2435 783 2477 Ds'ct.
791 2435 852 2477 Hist.
862 2447 867 2476 :
880 2435 981 2482 Passus.
989 2457 1013 2478 =
1022 2448 1040 2484 2.
1048 2441 1077 2492 su-

209 2497 633 2551 —eaeplorotoreavopermeen‘ttt
662 2497 1078 2550 pcmcuccoteropererrsteewou-

209 2559 422 2610 —srumentorioe
439 2558 536 2613 ceuaqui
546 2557 635 2602 coudui-
661 2568 715 2611 pne
721 2557 846 2610 felicitatis
855 2570 917 2612 cssc;
926 2561 984 2605 voici
997 2565 1016 2606 la
1030 2565 1075 2607 suite

208 2621 277 2664 soient
298 2621 317 2664 le
339 2619 414 2664 consol
436 2620 462 2664 da
484 2621 524 2664 ele.
542 2643 568 2654 ·-
589 2620 633 2663 sub
661 2618 779 2662 desidees:
794 2619 900 2664 Caninius
917 2625 1000 2676 pensait
1013 2640 1075 2682 quse

208 2683 288 2735 ipsum
298 2683 379 2734 mecm,
388 2695 435 2726 vers
443 2684 462 2727 lc
472 2683 532 2738 point
540 2683 567 2726 du
574 2683 631 2738 jour.
661 2680 726 2722 serait
733 2693 774 2724 une
781 2681 933 2726 maueemresi
940 2697 1007 2731 ancuo
1014 2689 1075 2743 loyaut

208 2759 232 2780 =
244 2751 262 2787 t.
273 2746 396 2797 repcottm
403 2747 475 2798 moto,
486 2746 587 2800 l'attaque
594 2744 633 2786 im·
661 2742 738 2786 n'avait
747 2743 813 2786 averti
828 2743 921 2800 Drappes
929 2746 957 2790 do
968 2749 988 2792 la
999 2750 1073 2794 (terente

207 2805 283 2853 prevue
297 2806 323 2846 ds
336 2806 446 2850 Caninius.
469 2829 494 2839 -
506 2807 631 2859 presidio,
661 2804 935 2850 ctnel'auaitmissurses
945 2813 1072 2864 gaudeamus-

207 2861 237 2900 les
246 2869 317 2912 postes
327 2866 379 2906 dont
388 2867 403 2907 il
414 2872 446 2908 est
461 2867 569 2921 question,
580 2870 593 2918 fi
603 2875 614 2911 t
624 2882 629 2919 ς
661 2866 819 2918 retois,ccmme
830 2868 845 2911 il
852 2870 886 2924 n’y
893 2872 949 2915 avait
957 2887 993 2928 pas
1001 2877 1025 2918 de
1033 2877 1073 2919 dsu-

204 2928 227 2986 ce
236 2925 286 2960 sont
296 2923 326 2963 tos
336 2925 417 2966 soldats
427 2927 453 2966 ‹ie
463 2939 498 2968 res
507 2933 580 2980 postes
589 2940 631 2982 quc
660 2940 698 2980 ger
711 2929 722 2970 'a
738 2929 812 2972 courir
820 2935 842 2972 et
851 2943 894 2986 que
902 2933 922 2975 le
931 2937 1018 2981 resultat
1031 2952 1071 2994 pou·

204 2971 209 3008 Ι
218 2979 292 3016 auteur
299 2983 379 3032 appelle
386 2985 470 3026 ensuite
482 2993 631 3030 umectus.-
659 2988 702 3030 vait
711 2989 756 3032 etse
768 2992 923 3047 considerable,
933 2995 948 3040 il
958 3006 1004 3043 erut
1011 3002 1072 3044 devoir

201 3038 262 3091 vareo
272 3044 378 3088 numero,
385 3042 510 3086 dessoldats
519 3047 557 3099 qui
567 3060 630 3090 ocen-
659 3054 728 3093 tenter
741 3051 867 3099 l'eventnre.
882 3057 899 3099 ll
916 3063 993 3104 semble
1003 3077 1026 3106 su
1035 3065 1071 3106 effer

199 3089 270 3126 parent
278 3099 313 3130 ces
321 3100 406 3147 postes;
416 3112 454 3142 sur
461 3105 530 3162 emet.¹
538 3109 629 3152 societ-
657 3122 695 3164 par
711 3123 735 3154 ce
753 3115 791 3169 qul
813 3117 920 3174 ruitque
934 3123 1036 3168 Caninius
1043 3127 1067 3168 sir
