2424 3468
198 145 254 202 aad
479 154 518 198 oa
540 153 640 196 nauco
661 152 791 196 einrico

264 350 433 414 'ldmoignage
448 347 526 398 rondu
539 361 584 412 par
599 347 621 396 le
636 348 714 398 Senot
729 361 760 396 en
774 347 859 396 laveur
872 347 904 397 dc
916 349 994 398 deser.

234 501 302 559 [ΙΙΙ.
320 501 353 574 [l]
378 499 512 570 blagnuni
529 500 580 554 boc
596 498 790 554 testimonium
808 504 924 554 senatus
938 503 1064 557 eratuni-
1102 557 1103 569 ,

198 591 270 650 versi
299 589 526 660 conveniensque
555 588 693 660 superiori
725 589 806 643 lacto.
826 587 899 643 Nam
922 589 1067 644 Marcellus

198 681 326 755 proxirno
356 696 524 747 anno,cun1
550 676 733 750 impugnaret
752 677 870 733 Caesaris
895 676 1066 750 dignitatem,

198 775 296 828 contra
311 769 404 842 legem
420 767 536 840 Pompei
558 771 587 822 et
601 765 696 823 Crassi
713 767 861 822 rettulerat
875 771 941 822 ante
962 771 1070 838 tempus

199 860 232 918 ad
248 863 377 916 senatum
397 857 432 913 de
451 855 570 912 Caesaris
585 855 747 928 provinciis,
764 855 970 928 sententiisque
982 856 1068 922 dictis,

198 946 401 1004 discessionem
421 943 539 1001 iaciente
559 943 703 1012 blarcello,
720 943 769 1017 qui
785 943 838 999 sibi
853 960 969 1000 omnem
986 945 1072 1018 digni-

200 1041 331 1094 tatemer
346 1033 466 1090 Caesaris
480 1032 584 1088 invidia
596 1033 750 1106 quaerebat,
768 1036 884 1088 senatus
899 1033 1033 1106 frequens
1047 1033 1070 1088 in
1100 1042 1106 1090 l

199 1125 254 1182 alia
269 1123 365 1181 omnia
380 1121 501 1178 transiit.
517 1121 553 1194 [2]
572 1119 681 1187 Quibus
696 1137 752 1177 non
769 1121 975 1193 frangebantur
990 1121 1071 1178 animi

199 1213 378 1270 inimicorum
402 1209 533 1278 Caesaris,
550 1210 599 1265 sod
622 1210 858 1277 admonebantur,
878 1227 934 1282 quo
955 1211 1074 1284 maJores
1105 1194 1106 1202 ἵ

201 1306 331 1375 pararent
355 1299 549 1368 necessitates,
572 1298 676 1372 quibus
695 1299 757 1371 cogi
786 1303 883 1370 posset
908 1304 1026 1356 senatus
1051 1300 1074 1354 id

202 1391 319 1464 probare
332 1389 408 1463 quod
421 1387 473 1462 ipsi
489 1386 712 1444 constituissent.

202 1615 237 1665 lssn
252 1613 479 1664 senatusconsulto
492 1612 580 1662 enltve
593 1611 659 1661 deux
674 1610 771 1676 legions
787 1613 804 1660 d
821 1610 905 1660 Cesar.
925 1611 1072 1677 llepartib'on

365 1685 410 1736 des
425 1684 522 1750 legions
533 1682 597 1732 dens
616 1682 653 1732 les
671 1683 794 1747 quartiers
808 1683 911 1732 d'biver.

239 1865 305 1921 LIV.
324 1863 358 1938 [1]
378 1863 422 1919 Fit
440 1862 541 1918 deinde
561 1862 853 1929 senatusconsultum,
866 1865 900 1917 ut
921 1863 958 1918 ad
977 1863 1074 1919 bellurn

204 1954 364 2012 Parthicum
381 1952 455 2024 legio
466 1968 550 2007 uuaa
565 1951 615 2008 Cn.
631 1950 777 2022 Pompeio,
789 1951 908 2006 alterae
924 1951 957 2007 C.
974 1951 1076 2010 Caesare

203 2045 376 2112 mitteretur3
392 2057 482 2114 neque
499 2040 619 2096 obscure
636 2040 698 2095 dnae
719 2038 847 2111 legiones
866 2039 916 2095 uni
932 2040 1074 2096 detrahun-

202 2223 293 2265 dcbouer
311 2223 330 2264 la
349 2219 481 2275 proposition
496 2218 521 2262 da
535 2217 624 2261 Curion.
655 2229 680 2260 en
687 2217 768 2272 609155,
778 2217 842 2272 etqui
850 2218 1072 2272 prolongeaitlespou·

229 2285 282 2336 Llll,
303 2291 319 2328 l.
336 2294 452 2338 magnam
468 2281 510 2324 teo
526 2281 627 2322 testimo
656 2276 1072 2334 voirsdaCe'sarjusqu'enmarsttsllt.

204 2348 308 2398 nium...,
317 2343 449 2388 construiser
456 2356 461 2384 :
468 2343 510 2386 boc
519 2347 570 2385 erat
577 2355 627 2384 me-
654 2364 681 2374 -
689 2342 819 2392 rettulerat,
829 2353 880 2396 vop.
887 2342 947 2384 [liet.
955 2343 1017 2383 Hiat.
1029 2352 1033 2380 :
1045 2338 1075 2378 Sc·

203 2421 277 2464 prtum
287 2406 447 2449 testimonium
456 2417 461 2448 :
471 2417 494 2446 co
504 2404 543 2447 tait
557 2416 598 2459 que
608 2405 627 2446 lc
655 2409 734 2446 natue.
744 2426 772 2434 -
781 2403 809 2445 de
816 2404 961 2456 provinciis,
975 2405 995 2447 le
1008 2397 1071 2456 pluriet

203 2471 268 2514 Se'nat
277 2469 333 2510 avait
345 2467 413 2510 aduris
425 2467 444 2509 la
457 2465 591 2521 proposition
602 2465 627 2507 de
655 2479 716 2521 parce
729 2477 770 2520 que
780 2465 846 2508 Cesar
862 2465 920 2508 avait
934 2463 1073 2508 l'adroinistra

203 2531 283 2574 Curion
296 2530 348 2573 e'tait
363 2543 403 2574 une
417 2541 495 2584 preuro
508 2527 628 2572 considera·
656 2528 701 2571 tion
720 2527 746 2570 de
764 2527 784 2569 la
800 2527 868 2570 Gaulo
886 2527 1006 2582 Cisalpine,
1022 2524 1044 2566 de
1057 2523 1072 2562 lt

204 2595 237 2636 blo
251 2594 288 2635 dee
303 2592 428 2634 sentiments
443 2591 469 2633 da
483 2595 537 2633 cette
551 2602 629 2632 assem·
656 2589 723 2632 Gaulo
731 2588 872 2642 Transalpino
884 2593 906 2630 et
916 2588 943 2631 do
954 2585 1041 2642 l’lltpie.
1050 2603 1070 2613 ·-

204 2654 541 2706 blie.-auperiorisucto,un
556 2653 628 2694 erene-
656 2651 792 2701 senleouis,
825 2651 1006 2700 discessionem,
1031 2655 1070 2696 vop

204 2722 262 2759 ment
276 2717 312 2772 qui
328 2715 397 2758 e'dtait
414 2717 473 2769 passe'
488 2715 568 2757 l'annde
585 2714 629 2768 pre·
657 2715 715 2756 utet.
725 2714 803 2756 Hira:
820 2713 932 2754 Senatus.
948 2705 1071 2752 -eetavi

204 2779 297 2820 ce'dentc,
307 2801 332 2808 -
344 2779 456 2830 prorcimo
466 2789 537 2826 onae,
548 2775 629 2818 l'anne'e
657 2777 706 2827 dio,
717 2775 770 2818 dans
784 2774 803 2816 le
816 2773 929 2824 discredit,
944 2787 972 2816 en
984 2765 1068 2814 discredi-

205 2839 328 2892 pre'ce'dente
347 2839 425 2891 703151.
437 2862 463 2868 -
473 2838 629 2891 eamtmpup-
658 2843 710 2880 tant.
727 2861 753 2868 -
767 2840 891 2879 senatus...
913 2835 1066 2882 tramittitur·

204 2899 443 2948 paradigmaticam
459 2898 486 2938 cl.
504 2899 563 2940 Sue't.
579 2899 627 2941 ces.
658 2901 716 2942 uice,
731 2898 791 2941 Hiel.
805 2910 809 2938 :
821 2897 933 2941 Senatus.
951 2914 978 2934 =
994 2902 1011 2936 t.
1026 2901 1067 2944 qut,

204 2962 229 2996 28
239 2958 629 3001 :retcuttrlrareetteecosmatum
656 2961 728 3002 c.-a-d.
743 2963 770 2999 ut
784 2969 817 3008 eo,
832 2959 843 2998 i
859 2959 966 2999 rattacber
979 2958 989 2998 ai
1003 2955 1067 2998 adm?

204 3017 230 3050 ut
244 3013 334 3054 Caesari
348 3021 402 3056 arcte
416 3022 507 3069 tempus
524 3021 629 3062 suceede—
656 3020 1065 3068 ueheretur.—ueeeaeitatee,1uopeus

203 3072 302 3134 rederet
318 3075 461 3117 asabsentia
478 3081 542 3120 ratio
558 3081 629 3121 cumi·
656 3081 682 3122 de
691 3080 817 3122 contreinte.
1101 3042 1104 3123 i

203 3129 244 3162 ἠ’
254 3125 385 3170 haber⁶¹¹⁴⁷²
399 3154 425 3161 “
435 3136 514 3186 tepens,
526 3139 554 3178 toi
567 3141 627 3179 route
683 3140 740 3188 LlV,
753 3147 769 3180 l.
780 3140 833 3190 uni,
844 3140 856 3180 a
866 3139 934 3182 cesar
943 3133 1066 3182 toutseut=
