2166 3458
290 161 383 207 nisse
403 163 436 221 v,
459 163 528 206 cuc.
553 163 684 208 xx-xxu.
869 150 929 206 259

15 269 16 288 ¹
49 283 105 334 lum
115 278 224 352 injuria
233 276 393 349 prohibitis,
401 275 579 350 Cenimagni,
592 276 925 349 Segontiaci‚AnealiteS,

49 366 169 434 Bibroci,
183 365 275 433 Cassi,
291 365 482 437 legationibus
497 365 604 433 missis,
616 381 680 420 seso
691 363 795 422 Caesari
809 367 925 423 dedunt.

15 457 17 492 i
50 456 82 526 [2]
102 456 144 510 Ab
166 455 203 510 iis
225 454 372 526 cognoscit
401 471 458 510 non
482 454 568 526 longe
594 470 627 509 ex
650 470 684 510 eo
706 455 767 510 loco
791 455 927 526 oppidum

49 542 253 600 Cassivellauni
269 543 378 610 abesse,
394 542 474 598 silvis
484 542 693 615 paludibusque
705 543 859 612 munitum,
871 561 927 617 quo

49 634 114 688 satis
129 648 257 703 magnus
267 630 415 688 hominum
426 631 594 702 pecorisque
604 649 742 688 numerus
752 634 926 690 convenerit.

50 721 81 794 [3]
97 722 247 794 Oppidum
269 725 364 776 autem
383 719 511 776 Britanni
531 725 643 788 vocant,
658 737 723 776 curn
739 722 825 778 silvas
840 722 929 794 impe-

48 811 118 868 ditas
139 810 219 867 vallo
248 814 332 882 atque
360 809 439 866 fossa
465 809 640 877 munierunt,
670 827 726 882 quo
757 810 929 868 incursionis

49 900 175 956 hostium
194 898 316 955 vilnndae
338 914 425 954 causa
447 897 597 954 convenire
618 904 803 955 consuerunt.
830 900 865 972 [1]
889 901 928 957 Eo

15 1057 16 1069 χ
50 987 240 1060 proficiscitur
262 1003 327 1042 cum
349 986 528 1059 legionibus:
559 986 653 1043 locum
682 987 788 1058 reperit
814 989 929 1060 egregie

50 1083 149 1134 natura
165 1081 253 1148 atque
271 1091 356 1146 opere
371 1075 531 1144 munitum
553 1079 648 1131 lamen
667 1076 743 1130 hunc
764 1077 876 1132 duabus
896 1093 930 1132 ex

50 1166 181 1237 partibus
207 1180 374 1235 oppugnare
393 1163 547 1220 contendit.
579 1164 616 1235 [5]
646 1163 759 1231 Hostes,
785 1165 931 1235 paulisper

50 1254 163 1322 morati,
181 1251 305 1308 militum
320 1256 484 1308 nostrorum
500 1252 639 1322 impetum
650 1267 707 1307 non
718 1253 846 1308 tulerunt
856 1269 931 1310 sese-

49 1361 101 1416 que
130 1341 191 1399 alia
212 1357 247 1397 ex
269 1344 349 1412 parte
369 1339 464 1411 oppidi
487 1341 641 1414 ejecerunt.
674 1340 710 1412 [6]
741 1340 863 1412 Magnus
892 1341 930 1397 ibi

49 1446 190 1488 numerus
205 1429 315 1500 pecoris
329 1433 469 1501 repertus,
489 1429 630 1502 multique
644 1428 674 1486 in
688 1429 759 1502 luga
772 1435 841 1486 sunt
854 1447 932 1487 com-

15 1509 16 1516 *
50 1518 185 1593 prehensi
199 1522 283 1591 atque
297 1517 446 1575 interlecti.

15 1691 16 1698 ἶ
97 1709 181 1774 Apres
193 1719 243 1756 une
256 1705 369 1756 demitte
382 1707 508 1766 tentative,
523 1705 725 1756 Cassivellaunus
738 1720 765 1756 sc
775 1711 882 1759 sonmel.

83 1869 173 1926 XXll.
192 1867 228 1941 [1]
250 1868 324 1924 Dum
343 1867 402 1924 haec
423 1867 451 1923 in
469 1868 515 1924 his
533 1866 605 1924 locis
627 1872 776 1940 geruntur,
792 1867 933 1926 Cassivel-

50 1960 157 2015 launus
174 1957 209 2012 ad
225 1955 368 2025 Cantium,
384 1957 460 2029 quod
474 1972 537 2012 esse
556 1957 591 2012 ad
606 1973 684 2012 mare
699 1973 786 2028 supra
800 1959 933 2015 demons-

50 2047 204 2114 travimus,
220 2043 323 2117 quibus
342 2043 508 2117 regionibus
527 2049 661 2116 quattuor
679 2063 762 2118 reges
781 2051 931 2117 praeerant,

51 2133 229 2208 Cingetorix,
247 2132 398 2201 Carvilius,
419 2132 632 2206 Taximagulus
654 2135 793 2208 Segouax,
816 2135 933 2191 nuntios

50 2343 146 2394 libitis,
166 2341 209 2384 mis
227 2341 239 2384 11
258 2341 318 2384 l'sbri
337 2341 364 2384 de
381 2345 432 2384 tous
449 2341 481 2384 les
508 2341 573 2385 deurs
589 2341 643 2386 dont
658 2342 886 2398 l'bistorienrepporte
901 2343 933 2387 les

50 2404 179 2459 dommages
193 2416 235 2458 que
249 2403 364 2458 pouvaienl
378 2403 425 2446 leur
434 2416 481 2446 cnu-
509 2400 934 2458 paroles.=e.autempgcommesou-

51 2478 85 2509 ser
93 2468 128 2510 les
145 2466 230 2509 soldats
240 2466 340 2509 romains.
352 2483 377 2503 =
387 2473 407 2508 ².
418 2477 448 2508 erc
456 2479 481 2508 eo
509 2471 565 2517 vent,
577 2471 620 2509 scil
629 2468 641 2508 d
651 2479 736 2509 smener
744 2479 785 2508 une
796 2467 931 2520 parenthese:

52 2530 109 2581 loco,
130 2529 157 2572 de
176 2528 277 2570 l’endroit
292 2530 320 2571 ou
348 2541 371 2570 so
389 2528 481 2571 trouveil
509 2542 536 2570 on
546 2534 620 2570 trouve
630 2529 649 2570 la
659 2529 726 2570 meme
735 2528 865 2582 description
880 2527 934 2569 dens

51 2590 119 2634 Cesar
132 2596 155 2633 et
169 2593 196 2632 od
210 2589 226 2632 il
235 2590 292 2632 nvait
301 2603 351 2646 regu
361 2589 393 2632 les
402 2590 482 2632 ambus
509 2589 608 2640 strabon,
627 2589 665 2640 IV,
684 2601 706 2640 v,
727 2597 751 2639 23
775 2601 822 2642 voy.
847 2589 932 2638 Armes,

52 2650 481 2706 adcursu-'adprobationemtl'en-
510 2658 532 2693 n·
554 2657 599 2694 195.
617 2672 644 2680 -
664 2651 799 2702 impeditos,
818 2663 866 2704 roy.
884 2655 933 2691 note

52 2714 111 2757 droit
121 2716 150 2756 od
161 2714 177 2756 il
187 2713 244 2756 avait
253 2715 314 2767 pesse
323 2714 343 2756 le
353 2713 482 2756 Tamice—
509 2713 538 2763 V,
558 2723 602 2762 xix,
626 2719 643 2753 1.
664 2728 690 2747 =
710 2714 730 2752 4.
752 2715 842 2754 notura
866 2716 934 2763 alque

51 2778 179 2830 oppidulo,
196 2787 224 2817 on
249 2775 344 2817 identitle
366 2775 482 2817 ordinaire
509 2786 584 2828 opere,
601 2772 932 2828 ct.V,1x‚t.-oppu9uorc,

53 2844 113 2881 ment
132 2837 251 2892 l'oppidum
267 2837 293 2879 dc
308 2836 482 2878 Cassivellaunus
509 2849 557 2890 roy.
574 2837 658 2886 Armes,
677 2842 761 2878 n·108.
779 2853 804 2872 =
821 2843 839 2880 5.
858 2849 932 2878 sese...

52 2912 103 2942 avec
112 2899 430 2952 St-AlbcncWerulomtum
445 2898 482 2940 des
509 2899 633 2952 ejecerunt,
655 2909 678 2939 se
700 2899 823 2950 &cinereum
846 2898 873 2940 cl.
896 2898 933 2950 lV,

53 2961 252 3014 Romsins)‚oon1td
260 2959 398 3010 deHcrttord,
405 2964 481 3001 centon
509 2973 545 3011 xv,
556 2968 563 3003 1
572 2973 578 3011 ;
586 2959 633 3010 Vll,
642 2971 718 3012 xxviii,
727 2965 746 3004 5.
755 2977 780 2996 =
788 2965 809 3004 o.
819 2965 933 3014 repertus,

53 3023 79 3065 de
95 3023 187 3064 Ceshio.
200 3045 228 3053 -
243 3023 384 3073 convenerit,
399 3023 418 3064 le
433 3021 483 3062 snb-
509 3023 606 3076 supple'ez
618 3026 658 3063 est.

53 3084 142 3138 junctil,
152 3095 213 3138 perce
223 3095 264 3137 que
277 3089 332 3134 cette
348 3082 481 3138 proposition
535 3083 602 3132 XXII,
616 3089 633 3124 1.
649 3095 733 3136 supra,
744 3082 771 3124 ct.
782 3082 812 3133 V,
823 3096 867 3132 xiv,
880 3089 897 3124 1.
908 3103 934 3112 -

54 3145 94 3188 leit
104 3146 174 3201 partie
184 3146 213 3187 du
223 3145 321 3187 discours
333 3144 483 3186 desnmbsssa·
509 3155 583 3197 reges,
593 3156 642 3196 roy.
660 3145 720 3185 Dicl.
739 3145 838 3186 11111-
853 3145 935 3182 eastra
