2192 3480
203 160 261 216 3³8
487 173 527 217 nn
548 175 648 220 nunno
669 175 801 221 onumen

442 332 519 398 llegle
535 331 655 398 poliliquo
671 333 716 384 des
731 332 839 384 Gaulois.

239 439 296 500 XX.
314 445 349 518 [l]
366 444 434 512 Ouae
449 444 576 502 civitates
599 446 778 504 commodius
800 461 882 502 suam
907 462 968 503 uem
993 446 1077 520 publi-

203 549 266 589 oum
275 533 476 590 administrare
485 533 693 604 existimantur,
703 536 809 593 habent
818 533 932 608 legibus
942 540 1077 600 sanetum,

204 621 228 678 si
243 621 307 694 quis
322 621 390 694 quid
405 622 440 678 de
454 639 485 678 re
500 622 613 694 publiea
626 639 644 680 a
657 623 787 680 finitimis
802 640 919 681 rumore
940 628 992 684 out
1013 625 1080 680 lamu

203 709 351 782 acceperit,
365 710 402 782 [2]
415 710 456 766 uti
471 711 507 767 ad
522 710 723 783 magistratum
739 712 848 769 delerat
862 729 933 772 neve
947 730 1014 769 oum
1029 728 1079 785 quo

203 798 258 856 alio
281 797 483 863 eommunicet,
507 800 584 871 quod
605 816 679 872 saepe
699 799 830 858 hominos
853 801 1024 860 temeramos
1046 805 1079 856 al-

202 905 258 960 que
282 885 430 959 imperitos
457 886 539 944 falsis
562 888 727 944 rumoribus
748 889 897 950 torserint
917 892 954 945 ad
975 889 1079 945 facinus

203 975 310 1047 impelli
325 979 354 1032 et
367 976 405 1056 de¹
417 975 540 1032 summis
554 977 641 1033 rebus
655 976 806 1034 consilium
821 994 923 1049 cepere
937 978 1079 1050 cognitum

203 1068 255 1121 ost.
279 1064 314 1138 [3]
339 1063 523 1137 Magistratus
542 1081 606 1137 queo
624 1064 685 1122 visa
705 1069 773 1122 sunt
786 1066 942 1137 oeoultant,
967 1079 1080 1139 quaequo

203 1171 266 1210 esse
286 1171 320 1210 ex
340 1170 395 1210 usu
413 1153 613 1227 judicaverunt
633 1153 809 1214 multitudini
833 1155 969 1227 produnt.
984 1154 1033 1226 ,De
1054 1168 1079 1208 m

204 1241 316 1315 publica
329 1241 383 1300 nisi
398 1259 449 1315 per
463 1241 616 1300 concilium
630 1242 709 1316 loqui
724 1259 781 1304 non
795 1243 972 1301 conceditur.

495 1542 530 1602 Β.
547 1548 605 1599 [Es
618 1548 786 1600 stemnius

519 1666 568 1722 (cu.
586 1667 756 1722 xxl-xxviu.)

235 1802 281 1853 tes
294 1802 411 1856 Divinitts
425 1801 611 1868 germaniques.
622 1801 693 1853 llude
707 1801 838 1853 educetion
853 1801 899 1854 des
912 1801 1051 1855 Germuins.

239 1945 309 2001 xxl.
327 1945 362 2019 [l]
377 1945 513 2002 Germani
529 1945 652 2001 multum
668 1945 703 2002 ob
717 1946 770 2003 heo
784 1946 994 2004 consuetudine
1013 1944 1079 2003 dille

229 2097 278 2148 XX,
298 2104 316 2141 l.
335 2097 489 2151 emmonius,
505 2097 575 2140 mieux
588 2111 631 2154 que
659 2099 680 2150 le
695 2110 778 2152 sonmo,
788 2098 815 2142 ot.
830 2099 868 2152 lv,
879 2111 899 2152 v,
910 2103 934 2151 l,
946 2101 1024 2154 saion,
1039 2097 1080 2154 plus

204 2159 235 2201 les
247 2163 331 2209 autres;
346 2160 374 2202 oi.
392 2160 418 2211 ll,
435 2172 469 2211 xx,
480 2165 500 2211 3,
514 2165 536 2202 et
549 2161 632 2204 Brutus
659 2162 743 2216 precis:
760 2162 785 2205 lo
799 2163 856 2205 oos'oe
871 2163 995 2217 potitique,
1012 2163 1039 2206 cl.
1056 2160 1078 2206 Υ.

203 2219 294 2262 dnnslos
305 2221 378 2263 lettres
385 2221 410 2263 de
418 2220 462 2263 Cic.
473 2223 505 2264 ad
515 2222 583 2264 Fam.
594 2221 630 2273 xl,
659 2233 730 2274 xxxix,
742 2230 759 2267 1.
777 2241 803 2262 =
812 2231 832 2266 2.
842 2227 993 2277 murarios,
1012 2223 1079 2268 irrito

204 2294 224 2334 x,
237 2290 254 2325 l.
269 2305 296 2313 -
307 2279 496 2337 rempublicam,
507 2284 538 2326 les
548 2284 632 2327 attolles
658 2285 712 2336 otiis,
722 2284 750 2328 oi.
762 2286 778 2338 l,
790 2297 847 2337 xxxi,
860 2289 890 2329 ll.
901 2307 928 2318 -
936 2289 1046 2340 sonions,
1056 2295 1079 2326 un
1093 2313 1094 2346 ,

203 2345 229 2387 de
243 2345 302 2395 leurs
314 2345 459 2399 oouoitoyeus.
476 2347 628 2390 -.hnbeut...
658 2353 704 2391 aete
713 2346 800 2400 violent,
812 2348 975 2392 insenso-de
984 2349 1079 2393 summu

204 2411 320 2459 seruolum,
333 2419 381 2462 noy.
401 2407 486 2450 habere
504 2409 630 2451 obstrietus
658 2409 845 2464 rebus,voy.note
857 2410 895 2462 lv,
906 2414 958 2462 ω.
968 2435 997 2444 -
1011 2409 1080 2454 cousi·

204 2472 226 2512 et
238 2468 259 2511 le
278 2472 328 2511 note
341 2469 358 2521 1,
378 2481 408 2521 ix,
426 2473 450 2522 ³,
470 2474 582 2512 sonetum
599 2475 631 2513 est
659 2471 721 2513 lium
728 2483 818 2525 euporo,
831 2470 846 2514 il
859 2471 1081 2528 lnutsnpploermut

205 2531 224 2574 le
248 2529 351 2584 participe
378 2531 404 2573 de
428 2525 530 2574 sonetre.
555 2555 583 2564 -
608 2533 632 2574 si
658 2537 770 2575 cosmots:
785 2537 872 2576 elsam
887 2535 1080 2590 reflectis-,quon

204 2593 257 2647 quis
274 2592 356 2646 quid...
373 2593 524 2646 acceperit...,
539 2593 631 2648 reppello
659 2593 699 2636 tire
713 2594 832 2637 leoilemenl
841 2595 867 2637 do
881 2598 1032 2648 mmmmm,
1044 2591 1093 2652 lin-l

205 2657 235 2699 les
251 2655 354 2697 immoles
366 2655 403 2698 des
413 2654 455 2696 lois
471 2655 591 2707 romeiues;
603 2668 630 2698 ou
656 2656 753 2709 peritos.
771 2673 796 2694 =
807 2661 826 2699 3.
837 2669 867 2699 oo·
879 2668 934 2708 usu,
947 2669 999 2715 noy.
1012 2663 1059 2702 note
1068 2657 1080 2704 l.

204 2731 215 2760 a
231 2717 278 2772 deit
294 2729 321 2762 vu
331 2729 354 2759 ee
370 2713 437 2760 mtme
457 2718 631 2772 repproohomeut
657 2729 706 2769 m,
717 2726 737 2761 2.
747 2731 823 2772 —per
831 2720 970 2770 oonoitium,
982 2722 1037 2764 daus
1046 2732 1092 2762 uus¹

204 2779 230 2822 de
239 2782 293 2833 quis
303 2792 379 2833 quem,
389 2779 418 2830 V,
430 2791 491 2830 uviu,
502 2783 527 2830 43
537 2779 629 2834 l’emploi
658 2781 772 2822 assemblte
779 2780 891 2835 reguli'eno,
899 2794 945 2836 noy.
955 2783 1018 2826 Dios.
1025 2783 1079 2825 Hlsl.

205 2841 230 2879 de
238 2853 273 2880 ees
283 2842 337 2882 doux
348 2842 427 2882 lei-mes
434 2840 462 2882 du
473 2853 562 2893 prouom
573 2841 631 2883 iude·
657 2866 684 2873 —
698 2843 788 2896 loqui...
804 2845 947 2894 conceditur,
965 2851 1023 2888 cette
1038 2856 1080 2886 con·

206 2897 242 2962 [lui
253 2910 279 2937 uu
290 2900 331 2940 lieu
342 2901 452 2950 d'atiquis
463 2902 565 2952 aliquem
579 2903 631 2944 s'ex-
658 2905 763 2947 structiou
777 2918 826 2948 aveo
841 2905 944 2949 l'inllnilil
958 2911 993 2949 est
1003 2919 1049 2949 mro
1060 2917 1079 2944 ln
1091 2907 1092 2958 l

206 2954 355 3020 pliquo'parla
367 2961 584 3004 uatumsbsolumeul
594 2963 630 3017 hy·
658 2977 719 3017 prose
735 2967 746 3007 'a
764 2965 861 3022 l'e'poque
877 2965 993 3022 classique,
1013 2981 1073 3022 copul

207 3011 529 3068 l>0²h0¹¹²l1¹0d'¹¹¹¹l⁰¹ledel⁰i‚
540 3021 630 3064 ilenest
657 3025 710 3066 dunt
725 3039 753 3068 ou
769 3028 789 3069 le
807 3035 903 3072 retrouve
918 3030 971 3073 enez
987 3030 1079 3074 Cioe'ruu.

206 3067 306 3108 <¹⁰le
320 3083 374 3122 pour
388 3087 432 3124 quo
442 3079 479 3128 uui
496 3081 592 3132 suillo.
602 3107 630 3115 —
655 3097 701 3138 pro
711 3088 803 3138 ουεηοι.
820 3103 856 3140 xv,
868 3099 900 3136 so.

206 3127 625 3194 rumore,bmilvaguedontonignore
686 3146 745 3200 XXI,
764 3157 784 3193 l.
801 3153 831 3193 ab
845 3153 897 3205 tae,
912 3153 988 3199 ctu.
1001 3155 1033 3200 ab
1048 3153 1080 3194 Μ
