3128 3604
380 101 441 158 358
664 113 704 158 nn
726 113 825 158 anuto
845 111 978 156 Gannico

383 227 571 286 munitionem
585 229 683 302 egmdi
698 245 800 302 passus
813 231 900 296 esset,
916 226 1036 300 septimo
1053 228 1110 296 die,
1125 229 1251 286 diffidens
1284 269 1285 290 t

383 319 417 374 de
431 333 551 374 numero
571 317 682 374 dierum
703 318 845 374 Caesarem
868 317 953 372 sidem
974 320 1164 385 servaturum,
1185 319 1252 390 quoii

379 405 498 480 tongins
513 421 698 478 progressum
714 407 847 462 audiebat
862 421 955 477 neque
969 405 1027 460 uita
1040 405 1075 460 de
1089 406 1183 462 reditu
1198 406 1254 479 ejus

385 497 460 554 tama
483 494 664 564 atterebatur,
687 495 723 570 [2]
749 495 835 552 simui
857 511 957 550 eorum
978 498 1123 565 permotus
1144 495 1255 551 vocibus

384 583 432 658 qui
448 582 525 640 illius
540 581 706 654 patientiam
722 599 801 656 peno
815 581 1009 638 obsessionem
1023 582 1214 652 appellabant,
1224 583 1256 638 si-

384 673 499 748 quidem
513 688 547 728 ex
561 671 662 728 eastris
676 671 773 744 egredi
787 687 845 727 non
860 669 968 738 liceret,
984 671 1098 727 nullum
1118 671 1255 745 ejusmodi

383 777 482 818 casum
509 765 687 834 exspectans,
711 777 779 836 quo,
802 776 906 816 norem
933 758 1073 832 oppositis
1101 761 1256 834 legionibus

385 849 565 922 maximoque
583 849 710 924 equitatu
731 848 868 922 dispersis
892 863 925 906 ae
949 864 1028 919 paene
1052 849 1256 907 deletisbosti

385 939 449 1008 bus,
461 939 489 996 in
500 938 627 994 millibus
639 954 779 1011 passuum
793 937 885 994 tribus
892 936 1003 1014 offepdi
1017 942 1126 1008 posset,
1138 939 1256 1012 quinque

385 1029 516 1086 cobortes
530 1027 735 1084 frumentatum
750 1027 778 1082 in
794 1025 936 1099 proximas
949 1029 1063 1098 segetes
1078 1026 1178 1097 mittit,¹
1191 1045 1257 1100 quas

385 1118 460 1174 inter
477 1121 506 1174 et
524 1121 618 1174 eastra
636 1131 711 1174 unua
730 1114 846 1188 omnino
865 1113 946 1170 collis
965 1113 1111 1172 intererat.
1130 1115 1165 1188 [3]
1180 1115 1257 1173 Com·

386 1207 481 1278 piures
495 1209 577 1262 erant
589 1221 623 1260 ex
637 1203 799 1276 legionibus
813 1203 880 1274 aegri
895 1200 1002 1270 relieti;
1027 1219 1062 1260 ex
1086 1202 1191 1274 quibus
1213 1203 1257 1276 qui

386 1296 438 1352 boo
457 1293 548 1366 spatio
567 1293 677 1350 diorum
699 1290 1048 1363 convaluerantffiireiter-
1064 1293 1194 1362 trecenti,
1210 1294 1258 1348 sub

386 1383 487 1440 vexillo
517 1399 574 1440 una
604 1381 776 1450 mittuntur;
805 1395 909 1452 magna
940 1383 1079 1451 praeterea
1108 1380 1258 1436 multitudo

386 1473 527 1540 calonum,
544 1469 704 1542 magnavis
715 1468 923 1542 jumentorum,
937 1467 1052 1542 quaein
1073 1467 1176 1525 eastris
1198 1469 1259 1526 sub

386 1561 527 1629 sederant,
543 1551 782 1631 iaeta'potestate‚
798 1557 937 1631 sequitur.

386 1747 472 1792 minutii
487 1759 515 1790 ou
531 1745 671 1790 bi'aeeusatii
682 1743 704 1790 'et
717 1734 767 1790 aree
779 1757 808 1788 un
836 1729 874 1787 ees
880 1747 938 1787 mets
949 1742 987 1787 des
998 1730 1193 1788 antatirs'absotus.
1202 1743 1258 1786 -r'o

386 1823 435 1854 nom
445 1809 471 1852 de
480 1821 624 1865 personne-
631 1809 750 1864 dispuens,
759 1819 809 1851 aens
836 1807 969 1849 millibus...
976 1806 1062 1857 tribus,
1069 1805 1124 1849 daus
1132 1819 1161 1850 un
1169 1806 1259 1861 repende

385 1872 557 1927 e‘tymoioffique:
569 1872 672 1925 perdant
682 1871 808 1924 mationa,
837 1875 945 1923 towpast
954 1880 1001 1922 toy.
1009 1867 1071 1914 Diei.
1078 1865 1145 1910 'Hiatss
1152 1882 1159 1910 .·
1166 1870 1257 1912 Poeaus.

385 1936 484 1990 n'opout
494 1934 551 1987 ptus
567 1933 681 1988 sapore...
694 1932 765 1982 -ἀι,
777 1942 809 1982 rec
836 1930 962 1984 —offmdi
970 1929 1015 1984 pris
1023 1921 1174 1976 absolument:
1184 1933 1259 1985 eprou-
1287 1947 1288 1950 ¹

387 1996 507 2040 latirement
529 1996 567 2038 a..
591 2017 619 2026 -
637 1995 733 2050 tonpiua
754 2004 810 2047 pro-
836 1999 924 2035 vor'am
936 1993 1009 2035 debeo.
1023 2013 1051 2022 —
1064 1993 1259 2052 praetoresue

386 2071 502 2114 pressum,
518 2071 541 2099 ee
557 2057 614 2100 bruit
630 2056 686 2100 erait
702 2056 735 2098 ete?
750 2053 816 2108 aussi
836 2055 923 2110 stropbe
940 2054 977 2110 qui
997 2061 1021 2096 se
1037 2059 1156 2097 rencontre
1172 2059 1258 2101 surtout,

386 2121 478 2176 repandu
492 2121 542 2162 cher
555 2119 585 2161 tos
598 2117 717 2168 Germains,
728 2116 756 2160 oi.
770 2115 808 2167 Vi,
836 2115 1021 2168 eommetctmrer,
1033 2128 1062 2158 un
1075 2127 1169 2170 pronom
1184 2115 1258 2164 rotaith

385 2194 449 2234 xxxv,
460 2189 511 2227 7.=
521 2189 540 2224 a.
551 2182 655 2231 vocibus,
666 2177 769 2230 lesdiras,
779 2177 807 2220 ei.
837 2178 864 2222 ci.
888 2177 935 2229 Vll,
953 2189 1030 2228 xxxnn
1050 2184 1076 2228 as
1091 2190 1142 2233 vop.
1163 2183 1210 2222 note
1225 2187 1259 2221 sur

386 2245 480 2297 Lxxmx,
491 2239 809 2294 t;tessotdatsnesegbnaient
837 2251 899 2291 eum,
917 2239 933 2290 Ι,
951 2251 973 2291 x,
991 2245 1018 2289 2ς
1040 2237 1056 2281 il
1076 2238 1125 2282 iant
1146 2250 1260 2294 romarquer

386 2319 424 2362 pus
432 2318 486 2362 pour
495 2305 598 2360 exprimet
607 2305 653 2348 leur
666 2303 719 2354 avio,
733 2301 760 2345 ci.
774 2301 808 2353 111,
837 2300 940 2344 toutefois
956 2301 1058 2356 qu’inter
1080 2300 1170 2355 signina
1189 2306 1258 2349 erum

386 2382 439 2420 nvn¹
451 2376 502 2412 5,-
510 2367 587 2418 itlius,
598 2365 670 2409 aba.
680 2365 808 2408 Cimonis.
837 2363 909 2418 quand
923 2363 938 2407 il
951 2374 964 2406 a
976 2363 996 2406 ie
1007 2375 1058 2406 aens
1066 2363 1093 2406 de
1099 2365 1194 2418 parmi,
1209 2363 1223 2406 il
1235 2375 1259 2404 ne

386 2455 413 2464 -
426 2430 577 2486 patientiam,
592 2440 615 2470 sa
632 2426 808 2481 circonspection.
837 2438 860 2468 se
876 2430 950 2469 trouve
966 2425 1042 2480 jamnis
1062 2425 1132 2482 ainsi.
1144 2428 1201 2484 ptaee'
1214 2425 1260 2468 eber

386 2516 413 2524 —
428 2503 495 2546 pene
511 2495 571 2546 porta
584 2500 622 2532 sur
641 2487 809 2537 obtunsionem
838 2488 869 2531 les
883 2492 1017 2543 prosamurs¹
1029 2485 1160 2543 classiques.
1173 2512 1202 2534 ,-
1216 2499 1260 2530 om-

387 2566 428 2598 une
437 2555 509 2607 espbee
518 2551 544 2594 de
560 2551 642 2602 bibens,
662 2563 687 2593 ne
701 2549 765 2592 raiait
773 2562 810 2604 pas
837 2550 903 2601 m'no¹
912 2561 959 2606 vop.
970 2554 1019 2592 note
1032 2549 1049 2602 1,
1064 2562 1109 2602 vn,
1122 2559 1142 2594 a.
1154 2569 1183 2607 γε,
1193 2558 1210 2596 a.
1218 2551 1257 2592 boo

387 2615 457 2659 mieur
469 2615 535 2670 qu'un
552 2613 634 2656 bloeus.
649 2635 676 2644 ·-
691 2611 777 2664 libaret,
792 2612 811 2655 le
838 2613 923 2666 spatio,
933 2611 1065 2667 pendantles
1073 2613 1191 2668 septjonrs
1202 2614 1260 2654 toou-

387 2675 507 2730 aubjonctii
512 2687 573 2730 parce
580 2687 622 2730 que
630 2673 812 2728 Cisarroproduit
839 2674 869 2717 lis
878 2673 953 2728 depuis
963 2673 982 2716 le
991 2673 1066 2728 de'part
1074 2674 1102 2728 ete
1111 2675 1258 2731 &sap-sub

388 2739 419 2782 les
431 2739 542 2794 repraebes
556 2737 593 2780 des
608 2736 696 2780 soldata.
709 2757 738 2767 -
750 2736 812 2791 ejur-
838 2736 932 2788 obmitto,
946 2748 993 2790 roy.
1007 2737 1093 2788 Armes,
1104 2745 1129 2780 n·
1142 2745 1206 2782 Ἀ-
1215 2737 1257 2785 eis,

387 2801 452 2842 modi
462 2813 484 2842 se
493 2801 586 2843 rattaebe
599 2799 610 2841 ir
626 2811 705 2852 quo...
725 2799 812 2852 offendi
839 2803 883 2842 mot
894 2799 906 2840 a
920 2797 1065 2852 signification
1078 2799 1138 2854 large
1149 2799 1257 2855 exprimant

387 2866 471 2911 posset,
486 2883 513 2891 -
526 2874 607 2902 novem
624 2861 763 2915 tapiom'bua.
782 2860 810 2902 ei.
840 2860 1256 2914 uneidbed02quontit63etoiaoque,

390 2919 427 2965 Vt,
437 2929 511 2967 xum,
524 2927 562 2963 r-a.
572 2943 599 2952 -—
607 2923 750 2974 disperata...
760 2923 812 2964 boa-
838 2922 1013 2974 1V,xvu‚t;oia
1024 2923 1135 2976 totorum,
1145 2926 1170 2967 B.
1181 2923 1224 2966 Cir.
1233 2923 1256 2971 ΙΙ,

391 2975 460 3040 tibus.
470 2977 535 3041 natiso
543 2979 661 3031 dependant
674 2982 810 3035 d'oppositia
838 2995 869 3034 vr,
884 2989 903 3035 3,
916 2989 956 3026 ete.
975 3007 1003 3016 -
1018 2986 1181 3037 subsederant,
1197 2989 1258 3026 rester

379 3029 810 3094 .l⁰9¹⁰mb1u3onpeutaussiroirdsns
838 3055 864 3085 en
879 3043 965 3100 arriera,
984 3055 1009 3086 ne
1030 3055 1070 3104 pas
1084 3045 1158 3094 suirre
1171 3046 1255 3093 t'armee.
