<?xml version="1.0" encoding="UTF-8"?>
<!DOCTYPE html PUBLIC "-//W3C//DTD XHTML 1.0 Transitional//EN"
    "http://www.w3.org/TR/xhtml1/DTD/xhtml1-transitional.dtd">
<html xmlns="http://www.w3.org/1999/xhtml" xml:lang="en" lang="en">
 <head>
  <title>
</title>
<meta http-equiv="Content-Type" content="text/html;charset=utf-8" />
  <meta name='ocr-system' content='tesseract 3.04.00' />
  <meta name='ocr-capabilities' content='ocr_page ocr_carea ocr_par ocr_line ocrx_word'/>
</head>
<body>
  <div class='ocr_page' id='page_1' title='image "./julescsarcommen00caesgoog_0234.png"; bbox 0 0 2062 3492; ppageno 0'>
   <div class='ocr_carea' id='block_1_1' title="bbox 121 119 719 188">
    <p class='ocr_par' dir='ltr' id='par_1_1' title="bbox 121 119 719 188">
     <span class='ocr_line' id='line_1_1' title="bbox 121 119 719 188; baseline 0.02 -13"><span class='ocrx_word' id='word_1_1' title='bbox 121 119 178 176; x_wconf 74' lang='lat'><strong>206</strong></span> <span class='ocrx_word' id='word_1_2' title='bbox 401 137 441 182; x_wconf 82' lang='lat' dir='ltr'><strong>nu</strong></span> <span class='ocrx_word' id='word_1_3' title='bbox 464 141 565 184; x_wconf 76' lang='lat' dir='ltr'><strong>sunno</strong></span> <span class='ocrx_word' id='word_1_4' title='bbox 584 141 719 188; x_wconf 70' lang='lat' dir='ltr'><strong>essmco</strong></span> 
     </span>
    </p>
   </div>
   <div class='ocr_carea' id='block_1_2' title="bbox 116 253 987 514">
    <p class='ocr_par' dir='ltr' id='par_1_2' title="bbox 116 253 987 514">
     <span class='ocr_line' id='line_1_2' title="bbox 117 253 986 338; baseline 0.023 -35"><span class='ocrx_word' id='word_1_5' title='bbox 117 263 186 320; x_wconf 92' lang='lat' dir='ltr'><strong>pore</strong></span> <span class='ocrx_word' id='word_1_6' title='bbox 208 265 266 321; x_wconf 92' lang='lat' dir='ltr'><strong>quo</strong></span> <span class='ocrx_word' id='word_1_7' title='bbox 288 267 361 324; x_wconf 89' lang='lat' dir='ltr'><strong>pons</strong></span> <span class='ocrx_word' id='word_1_8' title='bbox 383 253 495 310; x_wconf 90' lang='lat' dir='ltr'><strong>institui</strong></span> <span class='ocrx_word' id='word_1_9' title='bbox 522 259 631 328; x_wconf 79' lang='lat' dir='ltr'><strong>ereptus</strong></span> <span class='ocrx_word' id='word_1_10' title='bbox 653 256 708 328; x_wconf 88' lang='lat' dir='ltr'><strong>est,</strong></span> <span class='ocrx_word' id='word_1_11' title='bbox 731 260 800 332; x_wconf 84' lang='lat' dir='ltr'><strong>fuga</strong></span> <span class='ocrx_word' id='word_1_12' title='bbox 824 271 986 338; x_wconf 78' lang='lat' dir='ltr'><strong>componis,</strong></span> 
     </span>
     <span class='ocr_line' id='line_1_3' title="bbox 116 337 987 427; baseline 0.022 -35"><span class='ocrx_word' id='word_1_13' title='bbox 116 337 297 395; x_wconf 81' lang='lat' dir='ltr'><strong>hortantibus</strong></span> <span class='ocrx_word' id='word_1_14' title='bbox 326 342 362 398; x_wconf 90' lang='lat' dir='ltr'><strong>iis</strong></span> <span class='ocrx_word' id='word_1_15' title='bbox 384 360 457 416; x_wconf 90' lang='lat' dir='ltr'><strong>quos</strong></span> <span class='ocrx_word' id='word_1_16' title='bbox 481 361 516 400; x_wconf 81' lang='lat' dir='ltr'><strong>ex</strong></span> <span class='ocrx_word' id='word_1_17' title='bbox 543 345 688 403; x_wconf 75' lang='lat' dir='ltr'>Tencteris</span> <span class='ocrx_word' id='word_1_18' title='bbox 720 353 806 421; x_wconf 86' lang='lat' dir='ltr'><strong>etque</strong></span> <span class='ocrx_word' id='word_1_19' title='bbox 836 353 987 427; x_wconf 78' lang='lat' dir='ltr'><strong>Usipetibus</strong></span> 
     </span>
     <span class='ocr_line' id='line_1_4' title="bbox 117 428 986 514; baseline 0.016 -31"><span class='ocrx_word' id='word_1_20' title='bbox 117 428 190 499; x_wconf 84' lang='lat' dir='ltr'><strong>apud</strong></span> <span class='ocrx_word' id='word_1_21' title='bbox 218 445 249 485; x_wconf 90' lang='lat' dir='ltr'><strong>se</strong></span> <span class='ocrx_word' id='word_1_22' title='bbox 274 429 428 499; x_wconf 84' lang='lat' dir='ltr'><strong>hebebant,</strong></span> <span class='ocrx_word' id='word_1_23' title='bbox 458 431 563 489; x_wconf 89' lang='lat' dir='ltr'><strong>finibus</strong></span> <span class='ocrx_word' id='word_1_24' title='bbox 590 433 652 490; x_wconf 89' lang='lat' dir='ltr'><strong>suis</strong></span> <span class='ocrx_word' id='word_1_25' title='bbox 680 444 864 495; x_wconf 81' lang='lat' dir='ltr'><strong>excesserant</strong></span> <span class='ocrx_word' id='word_1_26' title='bbox 892 459 986 514; x_wconf 85' lang='lat' dir='ltr'><strong>sueque</strong></span> 
     </span>
    </p>
   </div>
   <div class='ocr_carea' id='block_1_3' title="bbox 116 516 986 662">
    <p class='ocr_par' dir='ltr' id='par_1_3' title="bbox 116 516 986 662">
     <span class='ocr_line' id='line_1_5' title="bbox 116 516 986 594; baseline 0.018 -22"><span class='ocrx_word' id='word_1_27' title='bbox 116 516 212 573; x_wconf 86' lang='lat' dir='ltr'><strong>omnia</strong></span> <span class='ocrx_word' id='word_1_28' title='bbox 223 523 439 592; x_wconf 72' lang='lat' dir='ltr'><strong>exportaverant</strong></span> <span class='ocrx_word' id='word_1_29' title='bbox 452 537 540 594; x_wconf 90' lang='lat' dir='ltr'><strong>seque</strong></span> <span class='ocrx_word' id='word_1_30' title='bbox 554 521 584 578; x_wconf 93' lang='lat' dir='ltr'><strong>in</strong></span> <span class='ocrx_word' id='word_1_31' title='bbox 597 521 782 582; x_wconf 84' lang='lat' dir='ltr'><strong>solitudinem</strong></span> <span class='ocrx_word' id='word_1_32' title='bbox 797 543 830 584; x_wconf 83' lang='lat' dir='ltr'><strong>se</strong></span> <span class='ocrx_word' id='word_1_33' title='bbox 849 530 935 589; x_wconf 85' lang='lat' dir='ltr'><strong>silves</strong></span> <span class='ocrx_word' id='word_1_34' title='bbox 948 533 986 587; x_wconf 85' lang='lat' dir='ltr'><strong>ab</strong></span> 
     </span>
     <span class='ocr_line' id='line_1_6' title="bbox 117 605 923 662; baseline 0.02 -2"><span class='ocrx_word' id='word_1_35' title='bbox 117 605 255 662; x_wconf 84' lang='lat' dir='ltr'><strong>dideraut.</strong></span> <span class='ocrx_word' id='word_1_36' title='bbox 920 615 923 618; x_wconf 41' lang='lat'><strong>⁴</strong></span> 
     </span>
    </p>
   </div>
   <div class='ocr_carea' id='block_1_4' title="bbox 116 747 984 837">
    <p class='ocr_par' dir='ltr' id='par_1_4' title="bbox 116 747 984 837">
     <span class='ocr_line' id='line_1_7' title="bbox 116 747 984 837; baseline 0.02 -24"><span class='ocrx_word' id='word_1_37' title='bbox 116 747 276 831; x_wconf 54' lang='lat' dir='ltr'><strong>Geser&#39;spres</strong></span> <span class='ocrx_word' id='word_1_38' title='bbox 290 768 360 818; x_wconf 80' lang='lat' dir='ltr'><strong>avoir</strong></span> <span class='ocrx_word' id='word_1_39' title='bbox 373 770 466 834; x_wconf 74' lang='lat' dir='ltr'><strong>ravage</strong></span> <span class='ocrx_word' id='word_1_40' title='bbox 480 769 504 820; x_wconf 89' lang='lat' dir='ltr'><strong>ie</strong></span> <span class='ocrx_word' id='word_1_41' title='bbox 518 783 580 836; x_wconf 79' lang='lat' dir='ltr'><strong>peys</strong></span> <span class='ocrx_word' id='word_1_42' title='bbox 593 772 639 823; x_wconf 88' lang='lat' dir='ltr'><strong>des</strong></span> <span class='ocrx_word' id='word_1_43' title='bbox 652 774 804 837; x_wconf 78' lang='lat' dir='ltr'><strong>Simmbres,</strong></span> <span class='ocrx_word' id='word_1_44' title='bbox 820 792 849 828; x_wconf 91' lang='lat' dir='ltr'><strong>se</strong></span> <span class='ocrx_word' id='word_1_45' title='bbox 863 780 923 830; x_wconf 86' lang='lat' dir='ltr'><strong>rend</strong></span> <span class='ocrx_word' id='word_1_46' title='bbox 934 781 984 830; x_wconf 89' lang='lat' dir='ltr'><strong>ebez</strong></span> 
     </span>
    </p>
   </div>
   <div class='ocr_carea' id='block_1_5' title="bbox 145 834 984 984">
    <p class='ocr_par' dir='ltr' id='par_1_5' title="bbox 145 834 984 984">
     <span class='ocr_line' id='line_1_8' title="bbox 146 834 984 915; baseline 0.018 -30"><span class='ocrx_word' id='word_1_47' title='bbox 146 834 182 885; x_wconf 88' lang='lat' dir='ltr'><strong>ies</strong></span> <span class='ocrx_word' id='word_1_48' title='bbox 197 836 294 889; x_wconf 88' lang='lat' dir='ltr'><strong>Ubiens.</strong></span> <span class='ocrx_word' id='word_1_49' title='bbox 318 839 337 889; x_wconf 91' lang='lat' dir='ltr'><strong>lt</strong></span> <span class='ocrx_word' id='word_1_50' title='bbox 358 853 390 889; x_wconf 91' lang='lat' dir='ltr'><strong>ne</strong></span> <span class='ocrx_word' id='word_1_51' title='bbox 411 855 439 889; x_wconf 86' lang='lat' dir='ltr'><strong>se</strong></span> <span class='ocrx_word' id='word_1_52' title='bbox 451 839 544 904; x_wconf 71' lang='lat' dir='ltr'><strong>:deride</strong></span> <span class='ocrx_word' id='word_1_53' title='bbox 558 857 605 907; x_wconf 85' lang='lat' dir='ltr'><strong>pes</strong></span> <span class='ocrx_word' id='word_1_54' title='bbox 622 846 639 894; x_wconf 81' lang='lat' dir='ltr'><strong>t</strong></span> <span class='ocrx_word' id='word_1_55' title='bbox 657 847 834 914; x_wconf 79' lang='lat' dir='ltr'><strong>ettequeries</strong></span> <span class='ocrx_word' id='word_1_56' title='bbox 853 850 947 915; x_wconf 80' lang='lat' dir='ltr'><strong>¹sueres</strong></span> <span class='ocrx_word' id='word_1_57' title='bbox 964 857 984 901; x_wconf 84' lang='lat' dir='ltr'><strong>et</strong></span> 
     </span>
     <span class='ocr_line' id='line_1_9' title="bbox 145 906 863 984; baseline 0.015 -29"><span class='ocrx_word' id='word_1_58' title='bbox 145 906 161 956; x_wconf 86' lang='lat' dir='ltr'><strong>ii</strong></span> <span class='ocrx_word' id='word_1_59' title='bbox 176 913 257 958; x_wconf 88' lang='lat' dir='ltr'><strong>rentre</strong></span> <span class='ocrx_word' id='word_1_60' title='bbox 271 922 303 959; x_wconf 89' lang='lat' dir='ltr'><strong>en</strong></span> <span class='ocrx_word' id='word_1_61' title='bbox 316 909 403 975; x_wconf 76' lang='lat' dir='ltr'><strong>deute,</strong></span> <span class='ocrx_word' id='word_1_62' title='bbox 419 915 493 975; x_wconf 83' lang='lat' dir='ltr'><strong>eprts</strong></span> <span class='ocrx_word' id='word_1_63' title='bbox 506 912 575 963; x_wconf 80' lang='lat' dir='ltr'><strong>avoir</strong></span> <span class='ocrx_word' id='word_1_64' title='bbox 588 913 633 964; x_wconf 79' lang='lat' dir='ltr'><strong>nit</strong></span> <span class='ocrx_word' id='word_1_65' title='bbox 647 930 742 982; x_wconf 81' lang='lat' dir='ltr'><strong>couper</strong></span> <span class='ocrx_word' id='word_1_66' title='bbox 755 918 779 968; x_wconf 89' lang='lat' dir='ltr'><strong>ie</strong></span> <span class='ocrx_word' id='word_1_67' title='bbox 793 925 863 984; x_wconf 90' lang='lat' dir='ltr'><strong>pont.</strong></span> 
     </span>
    </p>
   </div>
   <div class='ocr_carea' id='block_1_6' title="bbox 109 1038 983 2011">
    <p class='ocr_par' dir='ltr' id='par_1_6' title="bbox 109 1038 983 2011">
     <span class='ocr_line' id='line_1_10' title="bbox 148 1038 983 1118; baseline 0.019 -23"><span class='ocrx_word' id='word_1_68' title='bbox 148 1038 218 1098; x_wconf 87' lang='lat' dir='ltr'>XIX.</span> <span class='ocrx_word' id='word_1_69' title='bbox 236 1042 395 1116; x_wconf 85' lang='lat' dir='ltr'><strong>[1]Caeser,</strong></span> <span class='ocrx_word' id='word_1_70' title='bbox 413 1061 519 1118; x_wconf 86' lang='lat' dir='ltr'><strong>paucos</strong></span> <span class='ocrx_word' id='word_1_71' title='bbox 533 1047 594 1104; x_wconf 91' lang='lat' dir='ltr'><strong>dies</strong></span> <span class='ocrx_word' id='word_1_72' title='bbox 612 1051 641 1105; x_wconf 89' lang='lat' dir='ltr'><strong>in</strong></span> <span class='ocrx_word' id='word_1_73' title='bbox 661 1064 762 1107; x_wconf 91' lang='lat' dir='ltr'><strong>eorum</strong></span> <span class='ocrx_word' id='word_1_74' title='bbox 777 1051 884 1110; x_wconf 89' lang='lat' dir='ltr'><strong>finibus</strong></span> <span class='ocrx_word' id='word_1_75' title='bbox 902 1071 983 1110; x_wconf 84' lang='lat' dir='ltr'><strong>mora-</strong></span> 
     </span>
     <span class='ocr_line' id='line_1_11' title="bbox 113 1131 982 1216; baseline 0.015 -30"><span class='ocrx_word' id='word_1_76' title='bbox 113 1133 169 1200; x_wconf 88' lang='lat' dir='ltr'><strong>tus,</strong></span> <span class='ocrx_word' id='word_1_77' title='bbox 190 1131 323 1189; x_wconf 91' lang='lat' dir='ltr'><strong>omnibus</strong></span> <span class='ocrx_word' id='word_1_78' title='bbox 342 1133 412 1190; x_wconf 86' lang='lat' dir='ltr'><strong>vicis</strong></span> <span class='ocrx_word' id='word_1_79' title='bbox 435 1134 618 1209; x_wconf 82' lang='lat' dir='ltr'><strong>aedifieiisque</strong></span> <span class='ocrx_word' id='word_1_80' title='bbox 639 1139 764 1196; x_wconf 80' lang='lat' dir='ltr'><strong>incensis</strong></span> <span class='ocrx_word' id='word_1_81' title='bbox 785 1141 982 1216; x_wconf 83' lang='lat' dir='ltr'><strong>frumentisque</strong></span> 
     </span>
     <span class='ocr_line' id='line_1_12' title="bbox 113 1219 980 1301; baseline 0.017 -27"><span class='ocrx_word' id='word_1_82' title='bbox 113 1219 240 1288; x_wconf 87' lang='lat' dir='ltr'><strong>succisis,</strong></span> <span class='ocrx_word' id='word_1_83' title='bbox 256 1236 287 1277; x_wconf 90' lang='lat' dir='ltr'><strong>se</strong></span> <span class='ocrx_word' id='word_1_84' title='bbox 299 1221 328 1276; x_wconf 94' lang='lat' dir='ltr'><strong>in</strong></span> <span class='ocrx_word' id='word_1_85' title='bbox 342 1221 413 1278; x_wconf 81' lang='lat' dir='ltr'><strong>fines</strong></span> <span class='ocrx_word' id='word_1_86' title='bbox 428 1222 567 1280; x_wconf 88' lang='lat' dir='ltr'><strong>Ubiorum</strong></span> <span class='ocrx_word' id='word_1_87' title='bbox 581 1227 697 1299; x_wconf 82' lang='lat' dir='ltr'><strong>recepit,</strong></span> <span class='ocrx_word' id='word_1_88' title='bbox 714 1232 800 1301; x_wconf 84' lang='lat' dir='ltr'><strong>etque</strong></span> <span class='ocrx_word' id='word_1_89' title='bbox 811 1230 847 1288; x_wconf 90' lang='lat' dir='ltr'><strong>iis</strong></span> <span class='ocrx_word' id='word_1_90' title='bbox 857 1232 980 1288; x_wconf 81' lang='lat' dir='ltr'><strong>auxilium</strong></span> 
     </span>
     <span class='ocr_line' id='line_1_13' title="bbox 112 1309 980 1389; baseline 0.016 -27"><span class='ocrx_word' id='word_1_91' title='bbox 112 1325 195 1364; x_wconf 90' lang='lat' dir='ltr'><strong>suum</strong></span> <span class='ocrx_word' id='word_1_92' title='bbox 210 1309 369 1380; x_wconf 73' lang='lat' dir='ltr'><strong>pellicitus,</strong></span> <span class='ocrx_word' id='word_1_93' title='bbox 383 1311 408 1367; x_wconf 91' lang='lat' dir='ltr'><strong>si</strong></span> <span class='ocrx_word' id='word_1_94' title='bbox 428 1311 463 1368; x_wconf 84' lang='lat' dir='ltr'><strong>ab</strong></span> <span class='ocrx_word' id='word_1_95' title='bbox 479 1312 582 1370; x_wconf 86' lang='lat' dir='ltr'><strong>Suebis</strong></span> <span class='ocrx_word' id='word_1_96' title='bbox 601 1322 811 1389; x_wconf 87' lang='lat' dir='ltr'><strong>premerentur,</strong></span> <span class='ocrx_word' id='word_1_97' title='bbox 828 1321 889 1378; x_wconf 81' lang='lat' dir='ltr'><strong>haee</strong></span> <span class='ocrx_word' id='word_1_98' title='bbox 904 1322 936 1378; x_wconf 87' lang='lat' dir='ltr'><strong>eb</strong></span> <span class='ocrx_word' id='word_1_99' title='bbox 951 1322 980 1376; x_wconf 87' lang='lat' dir='ltr'><strong>iis</strong></span> 
     </span>
     <span class='ocr_line' id='line_1_14' title="bbox 111 1397 980 1482; baseline 0.017 -32"><span class='ocrx_word' id='word_1_100' title='bbox 111 1397 256 1468; x_wconf 80' lang='lat' dir='ltr'><strong>cognovit:</strong></span> <span class='ocrx_word' id='word_1_101' title='bbox 265 1397 300 1471; x_wconf 81' lang='lat'><strong>[2]</strong></span> <span class='ocrx_word' id='word_1_102' title='bbox 312 1418 326 1450; x_wconf 83' lang='grc' dir='ltr'>ι</span> <span class='ocrx_word' id='word_1_103' title='bbox 338 1399 459 1469; x_wconf 84' lang='lat' dir='ltr'><strong>Suebos,</strong></span> <span class='ocrx_word' id='word_1_104' title='bbox 467 1404 653 1475; x_wconf 83' lang='lat' dir='ltr'><strong>posteaquam</strong></span> <span class='ocrx_word' id='word_1_105' title='bbox 662 1419 714 1475; x_wconf 90' lang='lat' dir='ltr'><strong>per</strong></span> <span class='ocrx_word' id='word_1_106' title='bbox 722 1406 918 1478; x_wconf 86' lang='lat' dir='ltr'><strong>exploratores</strong></span> <span class='ocrx_word' id='word_1_107' title='bbox 923 1427 980 1482; x_wconf 92' lang='lat' dir='ltr'><strong>pon-</strong></span> 
     </span>
     <span class='ocr_line' id='line_1_15' title="bbox 112 1485 978 1574; baseline 0.022 -39"><span class='ocrx_word' id='word_1_108' title='bbox 112 1505 125 1534; x_wconf 78' lang='lat' dir='ltr'><strong>e</strong></span> <span class='ocrx_word' id='word_1_109' title='bbox 141 1487 198 1540; x_wconf 84' lang='lat' dir='ltr'><strong>tem</strong></span> <span class='ocrx_word' id='word_1_110' title='bbox 212 1485 272 1542; x_wconf 83' lang='lat' dir='ltr'><strong>fieri</strong></span> <span class='ocrx_word' id='word_1_111' title='bbox 284 1488 500 1560; x_wconf 87' lang='lat' dir='ltr'><strong>comperissent,</strong></span> <span class='ocrx_word' id='word_1_112' title='bbox 512 1507 592 1548; x_wconf 90' lang='lat' dir='ltr'><strong>more</strong></span> <span class='ocrx_word' id='word_1_113' title='bbox 602 1505 654 1548; x_wconf 88' lang='lat' dir='ltr'><strong>sue</strong></span> <span class='ocrx_word' id='word_1_114' title='bbox 665 1494 788 1551; x_wconf 81' lang='lat' dir='ltr'><strong>coneilio</strong></span> <span class='ocrx_word' id='word_1_115' title='bbox 797 1496 904 1568; x_wconf 86' lang='lat' dir='ltr'><strong>habito,</strong></span> <span class='ocrx_word' id='word_1_116' title='bbox 918 1517 978 1574; x_wconf 90' lang='lat' dir='ltr'><strong>nun-</strong></span> 
     </span>
     <span class='ocr_line' id='line_1_16' title="bbox 112 1571 976 1658; baseline 0.021 -34"><span class='ocrx_word' id='word_1_117' title='bbox 112 1592 125 1624; x_wconf 87' lang='lat'>«</span> <span class='ocrx_word' id='word_1_118' title='bbox 141 1571 196 1630; x_wconf 90' lang='lat' dir='ltr'><strong>tios</strong></span> <span class='ocrx_word' id='word_1_119' title='bbox 211 1573 239 1630; x_wconf 94' lang='lat' dir='ltr'><strong>in</strong></span> <span class='ocrx_word' id='word_1_120' title='bbox 262 1591 362 1633; x_wconf 89' lang='lat' dir='ltr'><strong>ornnes</strong></span> <span class='ocrx_word' id='word_1_121' title='bbox 386 1581 481 1648; x_wconf 89' lang='lat' dir='ltr'><strong>partes</strong></span> <span class='ocrx_word' id='word_1_122' title='bbox 497 1577 650 1649; x_wconf 86' lang='lat' dir='ltr'><strong>dimisisse,</strong></span> <span class='ocrx_word' id='word_1_123' title='bbox 667 1581 708 1638; x_wconf 90' lang='lat' dir='ltr'><strong>uti</strong></span> <span class='ocrx_word' id='word_1_124' title='bbox 723 1583 759 1639; x_wconf 90' lang='lat' dir='ltr'><strong>de</strong></span> <span class='ocrx_word' id='word_1_125' title='bbox 774 1585 888 1658; x_wconf 88' lang='lat' dir='ltr'><strong>oppidis</strong></span> <span class='ocrx_word' id='word_1_126' title='bbox 902 1588 976 1644; x_wconf 89' lang='lat' dir='ltr'><strong>demi·</strong></span> 
     </span>
     <span class='ocr_line' id='line_1_17' title="bbox 111 1663 978 1748; baseline 0.021 -33"><span class='ocrx_word' id='word_1_127' title='bbox 111 1682 124 1712; x_wconf 89' lang='lat'>«</span> <span class='ocrx_word' id='word_1_128' title='bbox 140 1667 264 1734; x_wconf 83' lang='lat' dir='ltr'><strong>grarent,</strong></span> <span class='ocrx_word' id='word_1_129' title='bbox 278 1663 394 1735; x_wconf 84' lang='lat' dir='ltr'><strong>liberos,</strong></span> <span class='ocrx_word' id='word_1_130' title='bbox 408 1683 522 1736; x_wconf 85' lang='lat' dir='ltr'><strong>uxores,</strong></span> <span class='ocrx_word' id='word_1_131' title='bbox 539 1685 647 1742; x_wconf 87' lang='lat' dir='ltr'><strong>suaque</strong></span> <span class='ocrx_word' id='word_1_132' title='bbox 661 1670 759 1728; x_wconf 84' lang='lat' dir='ltr'><strong>omnia</strong></span> <span class='ocrx_word' id='word_1_133' title='bbox 771 1678 801 1728; x_wconf 85' lang='lat' dir='ltr'><strong>in</strong></span> <span class='ocrx_word' id='word_1_134' title='bbox 811 1675 893 1732; x_wconf 87' lang='lat' dir='ltr'><strong>silvis</strong></span> <span class='ocrx_word' id='word_1_135' title='bbox 905 1677 978 1748; x_wconf 85' lang='lat' dir='ltr'><strong>depo</strong></span> 
     </span>
     <span class='ocr_line' id='line_1_18' title="bbox 110 1756 977 1834; baseline 0.018 -30"><span class='ocrx_word' id='word_1_136' title='bbox 110 1771 123 1802; x_wconf 79' lang='grc' dir='ltr'><strong>(ι</strong></span> <span class='ocrx_word' id='word_1_137' title='bbox 138 1756 252 1822; x_wconf 88' lang='lat' dir='ltr'><strong>nerent,</strong></span> <span class='ocrx_word' id='word_1_138' title='bbox 273 1758 357 1827; x_wconf 87' lang='lat' dir='ltr'><strong>atque</strong></span> <span class='ocrx_word' id='word_1_139' title='bbox 377 1772 477 1812; x_wconf 92' lang='lat' dir='ltr'><strong>omnes</strong></span> <span class='ocrx_word' id='word_1_140' title='bbox 497 1756 545 1830; x_wconf 93' lang='lat' dir='ltr'><strong>qui</strong></span> <span class='ocrx_word' id='word_1_141' title='bbox 565 1775 644 1814; x_wconf 83' lang='lat' dir='ltr'><strong>erma</strong></span> <span class='ocrx_word' id='word_1_142' title='bbox 663 1759 738 1816; x_wconf 81' lang='lat' dir='ltr'><strong>ferre</strong></span> <span class='ocrx_word' id='word_1_143' title='bbox 761 1770 882 1834; x_wconf 89' lang='lat' dir='ltr'><strong>possent</strong></span> <span class='ocrx_word' id='word_1_144' title='bbox 900 1781 977 1822; x_wconf 90' lang='lat' dir='ltr'><strong>unum</strong></span> 
     </span>
     <span class='ocr_line' id='line_1_19' title="bbox 110 1841 978 1920; baseline 0.021 -28"><span class='ocrx_word' id='word_1_145' title='bbox 110 1841 166 1896; x_wconf 86' lang='lat' dir='ltr'><strong>«in</strong></span> <span class='ocrx_word' id='word_1_146' title='bbox 186 1841 281 1898; x_wconf 85' lang='lat' dir='ltr'><strong>iocum</strong></span> <span class='ocrx_word' id='word_1_147' title='bbox 302 1845 505 1902; x_wconf 81' lang='lat' dir='ltr'><strong>convenirent:</strong></span> <span class='ocrx_word' id='word_1_148' title='bbox 523 1847 560 1920; x_wconf 82' lang='lat'><strong>[3]</strong></span> <span class='ocrx_word' id='word_1_149' title='bbox 582 1848 657 1905; x_wconf 90' lang='lat' dir='ltr'><strong>hune</strong></span> <span class='ocrx_word' id='word_1_150' title='bbox 681 1866 745 1908; x_wconf 92' lang='lat' dir='ltr'><strong>esse</strong></span> <span class='ocrx_word' id='word_1_151' title='bbox 766 1853 908 1910; x_wconf 87' lang='lat' dir='ltr'><strong>deiectum</strong></span> <span class='ocrx_word' id='word_1_152' title='bbox 927 1870 978 1910; x_wconf 82' lang='lat' dir='ltr'><strong>me</strong></span> 
     </span>
     <span class='ocr_line' id='line_1_20' title="bbox 109 1930 975 2011; baseline 0.018 -29"><span class='ocrx_word' id='word_1_153' title='bbox 109 1949 122 1982; x_wconf 80' lang='lat' dir='ltr'><strong>e</strong></span> <span class='ocrx_word' id='word_1_154' title='bbox 137 1930 216 1986; x_wconf 88' lang='lat' dir='ltr'><strong>dium</strong></span> <span class='ocrx_word' id='word_1_155' title='bbox 236 1931 294 1989; x_wconf 85' lang='lat' dir='ltr'><strong>iere</strong></span> <span class='ocrx_word' id='word_1_156' title='bbox 319 1933 469 2008; x_wconf 80' lang='lat' dir='ltr'><strong>regionum</strong></span> <span class='ocrx_word' id='word_1_157' title='bbox 488 1953 586 1994; x_wconf 85' lang='lat' dir='ltr'><strong>earum</strong></span> <span class='ocrx_word' id='word_1_158' title='bbox 607 1954 678 2011; x_wconf 84' lang='lat' dir='ltr'><strong>ques</strong></span> <span class='ocrx_word' id='word_1_159' title='bbox 699 1939 787 1997; x_wconf 87' lang='lat' dir='ltr'><strong>Suebi</strong></span> <span class='ocrx_word' id='word_1_160' title='bbox 807 1943 975 2006; x_wconf 88' lang='lat' dir='ltr'><strong>obtinerent;</strong></span> 
     </span>
    </p>
   </div>
   <div class='ocr_carea' id='block_1_7' title="bbox 100 2075 976 3064">
    <p class='ocr_par' dir='ltr' id='par_1_7' title="bbox 100 2075 976 2814">
     <span class='ocr_line' id='line_1_21' title="bbox 106 2075 975 2142; baseline 0.015 -26"><span class='ocrx_word' id='word_1_161' title='bbox 106 2075 528 2134; x_wconf 76' lang='lat' dir='ltr'><strong>roy.deseonstruetionseneiogues,V,</strong></span> <span class='ocrx_word' id='word_1_162' title='bbox 559 2083 633 2126; x_wconf 78' lang='lat' dir='ltr'><strong>Ubiis.</strong></span> <span class='ocrx_word' id='word_1_163' title='bbox 654 2101 679 2122; x_wconf 97' lang='lat'><strong><em>=</em></strong></span> <span class='ocrx_word' id='word_1_164' title='bbox 693 2090 713 2127; x_wconf 84' lang='lat'><strong>2.</strong></span> <span class='ocrx_word' id='word_1_165' title='bbox 735 2087 847 2138; x_wconf 62' lang='lat' dir='ltr'><strong>consuo,</strong></span> <span class='ocrx_word' id='word_1_166' title='bbox 863 2099 909 2142; x_wconf 81' lang='lat' dir='ltr'><strong>roy.</strong></span> <span class='ocrx_word' id='word_1_167' title='bbox 922 2085 975 2129; x_wconf 81' lang='lat' dir='ltr'><strong>Diei.</strong></span> 
     </span>
     <span class='ocr_line' id='line_1_22' title="bbox 105 2138 975 2200; baseline 0.014 -22"><span class='ocrx_word' id='word_1_168' title='bbox 105 2149 163 2188; x_wconf 78' lang='lat' dir='ltr'><strong>xnrx,</strong></span> <span class='ocrx_word' id='word_1_169' title='bbox 175 2145 198 2190; x_wconf 87' lang='grc'><strong>7;</strong></span> <span class='ocrx_word' id='word_1_170' title='bbox 209 2138 256 2189; x_wconf 87' lang='lat' dir='ltr'><strong>Vll,</strong></span> <span class='ocrx_word' id='word_1_171' title='bbox 267 2151 298 2191; x_wconf 81' lang='grc' dir='ltr'><strong>ιν,</strong></span> <span class='ocrx_word' id='word_1_172' title='bbox 308 2144 332 2190; x_wconf 73' lang='grc' dir='ltr'><strong>3ς</strong></span> <span class='ocrx_word' id='word_1_173' title='bbox 342 2151 381 2192; x_wconf 86' lang='lat' dir='ltr'><strong>xu,</strong></span> <span class='ocrx_word' id='word_1_174' title='bbox 393 2150 411 2184; x_wconf 94' lang='grc' dir='ltr'><strong>ι.</strong></span> <span class='ocrx_word' id='word_1_175' title='bbox 427 2159 452 2179; x_wconf 96' lang='lat'><strong><em>=</em></strong></span> <span class='ocrx_word' id='word_1_176' title='bbox 462 2147 482 2186; x_wconf 75' lang='lat' dir='ltr'><strong>q,</strong></span> <span class='ocrx_word' id='word_1_177' title='bbox 493 2143 530 2186; x_wconf 79' lang='lat' dir='ltr'><strong>iri-</strong></span> <span class='ocrx_word' id='word_1_178' title='bbox 556 2145 617 2188; x_wconf 81' lang='lat' dir='ltr'><strong>Hiet.</strong></span> <span class='ocrx_word' id='word_1_179' title='bbox 629 2167 655 2179; x_wconf 92' lang='lat'>-</span> <span class='ocrx_word' id='word_1_180' title='bbox 663 2147 763 2189; x_wconf 71' lang='lat' dir='ltr'><strong>nuntios</strong></span> <span class='ocrx_word' id='word_1_181' title='bbox 772 2148 920 2193; x_wconf 75' lang='lat' dir='ltr'><strong>dimisisse...</strong></span> <span class='ocrx_word' id='word_1_182' title='bbox 933 2151 975 2200; x_wconf 56' lang='lat' dir='ltr'><strong>uir]</strong></span> 
     </span>
     <span class='ocr_line' id='line_1_23' title="bbox 105 2201 976 2256; baseline 0.011 -16"><span class='ocrx_word' id='word_1_183' title='bbox 105 2201 174 2242; x_wconf 78' lang='lat' dir='ltr'><strong>stimi</strong></span> <span class='ocrx_word' id='word_1_184' title='bbox 189 2206 277 2254; x_wconf 74' lang='lat' dir='ltr'><strong>eaptus</strong></span> <span class='ocrx_word' id='word_1_185' title='bbox 302 2207 348 2254; x_wconf 54' lang='grc' dir='ltr'><strong>σου</strong></span> <span class='ocrx_word' id='word_1_186' title='bbox 370 2204 468 2248; x_wconf 75' lang='lat' dir='ltr'><strong>institui</strong></span> <span class='ocrx_word' id='word_1_187' title='bbox 485 2205 527 2250; x_wconf 86' lang='lat' dir='ltr'><strong>iei:</strong></span> <span class='ocrx_word' id='word_1_188' title='bbox 556 2208 678 2250; x_wconf 73' lang='lat' dir='ltr'><strong>dimisisse</strong></span> <span class='ocrx_word' id='word_1_189' title='bbox 695 2208 793 2253; x_wconf 83' lang='lat' dir='ltr'><strong>contient</strong></span> <span class='ocrx_word' id='word_1_190' title='bbox 816 2222 859 2253; x_wconf 87' lang='lat' dir='ltr'><strong>une</strong></span> <span class='ocrx_word' id='word_1_191' title='bbox 873 2211 919 2256; x_wconf 80' lang='lat' dir='ltr'><strong>ideo</strong></span> <span class='ocrx_word' id='word_1_192' title='bbox 933 2209 976 2253; x_wconf 81' lang='lat' dir='ltr'><strong>telle</strong></span> 
     </span>
     <span class='ocr_line' id='line_1_24' title="bbox 104 2263 976 2328; baseline 0.008 -23"><span class='ocrx_word' id='word_1_193' title='bbox 104 2263 245 2315; x_wconf 77' lang='lat' dir='ltr'><strong>eorietruire,</strong></span> <span class='ocrx_word' id='word_1_194' title='bbox 252 2264 415 2320; x_wconf 76' lang='lat' dir='ltr'><strong>senstrequent3</strong></span> <span class='ocrx_word' id='word_1_195' title='bbox 424 2266 452 2309; x_wconf 87' lang='lat' dir='ltr'><strong>et.</strong></span> <span class='ocrx_word' id='word_1_196' title='bbox 459 2267 487 2318; x_wconf 87' lang='lat' dir='ltr'><strong>V,</strong></span> <span class='ocrx_word' id='word_1_197' title='bbox 497 2280 526 2320; x_wconf 87' lang='lat' dir='ltr'><strong>xr,</strong></span> <span class='ocrx_word' id='word_1_198' title='bbox 556 2281 598 2324; x_wconf 91' lang='lat' dir='ltr'><strong>que</strong></span> <span class='ocrx_word' id='word_1_199' title='bbox 607 2269 660 2312; x_wconf 89' lang='lat' dir='ltr'><strong>eelle</strong></span> <span class='ocrx_word' id='word_1_200' title='bbox 674 2270 712 2324; x_wconf 92' lang='lat' dir='ltr'><strong>qui</strong></span> <span class='ocrx_word' id='word_1_201' title='bbox 725 2276 759 2314; x_wconf 89' lang='lat' dir='ltr'><strong>est</strong></span> <span class='ocrx_word' id='word_1_202' title='bbox 768 2271 878 2325; x_wconf 77' lang='lat' dir='ltr'><strong>exprimes</strong></span> <span class='ocrx_word' id='word_1_203' title='bbox 887 2285 922 2328; x_wconf 79' lang='lat' dir='ltr'><strong>per</strong></span> <span class='ocrx_word' id='word_1_204' title='bbox 930 2273 976 2316; x_wconf 65' lang='lat' dir='ltr'><strong>bon</strong></span> 
     </span>
     <span class='ocr_line' id='line_1_25' title="bbox 103 2327 975 2386; baseline 0.008 -20"><span class='ocrx_word' id='word_1_205' title='bbox 103 2327 127 2376; x_wconf 70' lang='grc' dir='ltr'><strong>ις</strong></span> <span class='ocrx_word' id='word_1_206' title='bbox 139 2337 177 2376; x_wconf 81' lang='grc' dir='ltr'>ιιι,</span> <span class='ocrx_word' id='word_1_207' title='bbox 187 2332 206 2376; x_wconf 84' lang='lat'><strong>2,</strong></span> <span class='ocrx_word' id='word_1_208' title='bbox 217 2330 257 2368; x_wconf 87' lang='lat' dir='ltr'><strong>ete.</strong></span> <span class='ocrx_word' id='word_1_209' title='bbox 268 2349 295 2357; x_wconf 89' lang='lat'>—</span> <span class='ocrx_word' id='word_1_210' title='bbox 307 2328 366 2382; x_wconf 72' lang='lat' dir='ltr'><strong>rupo</strong></span> <span class='ocrx_word' id='word_1_211' title='bbox 378 2335 526 2382; x_wconf 82' lang='lat' dir='ltr'><strong>comparata,</strong></span> <span class='ocrx_word' id='word_1_212' title='bbox 556 2335 640 2384; x_wconf 70' lang='lat' dir='ltr'><strong>tonus,</strong></span> <span class='ocrx_word' id='word_1_213' title='bbox 659 2331 710 2375; x_wconf 86' lang='lat' dir='ltr'><strong>c&#39;est</strong></span> <span class='ocrx_word' id='word_1_214' title='bbox 731 2343 755 2374; x_wconf 88' lang='lat' dir='ltr'><strong>oe</strong></span> <span class='ocrx_word' id='word_1_215' title='bbox 769 2332 807 2386; x_wconf 88' lang='lat' dir='ltr'><strong>qui</strong></span> <span class='ocrx_word' id='word_1_216' title='bbox 833 2333 946 2377; x_wconf 81' lang='lat' dir='ltr'><strong>determine</strong></span> <span class='ocrx_word' id='word_1_217' title='bbox 958 2333 975 2375; x_wconf 84' lang='lat' dir='ltr'><strong>ir</strong></span> 
     </span>
     <span class='ocr_line' id='line_1_26' title="bbox 104 2389 976 2448; baseline 0.007 -18"><span class='ocrx_word' id='word_1_218' title='bbox 104 2389 254 2431; x_wconf 73' lang='lat' dir='ltr'><strong>hortantibus</strong></span> <span class='ocrx_word' id='word_1_219' title='bbox 260 2391 348 2441; x_wconf 72' lang='lat' dir='ltr'><strong>iis3sur</strong></span> <span class='ocrx_word' id='word_1_220' title='bbox 356 2403 379 2433; x_wconf 91' lang='lat' dir='ltr'><strong>ee</strong></span> <span class='ocrx_word' id='word_1_221' title='bbox 387 2391 528 2435; x_wconf 80' lang='lat' dir='ltr'><strong>doubleebie-</strong></span> <span class='ocrx_word' id='word_1_222' title='bbox 555 2393 710 2436; x_wconf 78' lang='lat' dir='ltr'><strong>construction.</strong></span> <span class='ocrx_word' id='word_1_223' title='bbox 720 2395 785 2435; x_wconf 79' lang='lat' dir='ltr'><strong>-de</strong></span> <span class='ocrx_word' id='word_1_224' title='bbox 798 2396 897 2448; x_wconf 76' lang='lat' dir='ltr'><strong>oppidis</strong></span> <span class='ocrx_word' id='word_1_225' title='bbox 915 2395 976 2437; x_wconf 83' lang='lat' dir='ltr'><strong>demi-</strong></span> 
     </span>
     <span class='ocr_line' id='line_1_27' title="bbox 104 2449 975 2509; baseline 0.006 -18"><span class='ocrx_word' id='word_1_226' title='bbox 104 2449 136 2501; x_wconf 80' lang='lat' dir='ltr'><strong>tir,</strong></span> <span class='ocrx_word' id='word_1_227' title='bbox 152 2450 179 2492; x_wconf 84' lang='lat' dir='ltr'><strong>ei.</strong></span> <span class='ocrx_word' id='word_1_228' title='bbox 191 2451 206 2501; x_wconf 84' lang='lat'><strong>1,</strong></span> <span class='ocrx_word' id='word_1_229' title='bbox 217 2463 276 2503; x_wconf 82' lang='lat' dir='ltr'><strong>xxiv,</strong></span> <span class='ocrx_word' id='word_1_230' title='bbox 287 2455 307 2495; x_wconf 81' lang='lat' dir='ltr'><strong>t.</strong></span> <span class='ocrx_word' id='word_1_231' title='bbox 319 2475 345 2483; x_wconf 92' lang='lat'>-</span> <span class='ocrx_word' id='word_1_232' title='bbox 354 2455 527 2506; x_wconf 76' lang='lat' dir='ltr'><strong>opudeeimte-</strong></span> <span class='ocrx_word' id='word_1_233' title='bbox 554 2459 661 2509; x_wconf 76' lang='lat' dir='ltr'><strong>prorem,</strong></span> <span class='ocrx_word' id='word_1_234' title='bbox 671 2455 760 2498; x_wconf 83' lang='lat' dir='ltr'><strong>aitleors</strong></span> <span class='ocrx_word' id='word_1_235' title='bbox 769 2455 837 2499; x_wconf 79' lang='lat' dir='ltr'><strong>Cdser</strong></span> <span class='ocrx_word' id='word_1_236' title='bbox 845 2457 949 2500; x_wconf 86' lang='lat' dir='ltr'><strong>construit</strong></span> <span class='ocrx_word' id='word_1_237' title='bbox 957 2469 975 2498; x_wconf 85' lang='lat' dir='ltr'><strong>ee</strong></span> 
     </span>
     <span class='ocr_line' id='line_1_28' title="bbox 102 2513 976 2573; baseline 0.006 -19"><span class='ocrx_word' id='word_1_238' title='bbox 102 2513 171 2563; x_wconf 75' lang='lat' dir='ltr'><strong>bent3</strong></span> <span class='ocrx_word' id='word_1_239' title='bbox 182 2513 209 2556; x_wconf 86' lang='lat' dir='ltr'><strong>et</strong></span> <span class='ocrx_word' id='word_1_240' title='bbox 226 2513 263 2566; x_wconf 89' lang='lat' dir='ltr'><strong>IV,</strong></span> <span class='ocrx_word' id='word_1_241' title='bbox 277 2527 322 2567; x_wconf 82' lang='lat' dir='ltr'><strong>xvi,</strong></span> <span class='ocrx_word' id='word_1_242' title='bbox 333 2523 353 2558; x_wconf 84' lang='lat'><strong>2.</strong></span> <span class='ocrx_word' id='word_1_243' title='bbox 367 2539 392 2548; x_wconf 89' lang='lat'>-</span> <span class='ocrx_word' id='word_1_244' title='bbox 403 2518 431 2558; x_wconf 78' lang='lat' dir='ltr'><strong>in</strong></span> <span class='ocrx_word' id='word_1_245' title='bbox 444 2517 527 2560; x_wconf 80' lang='lat' dir='ltr'><strong>solitu·</strong></span> <span class='ocrx_word' id='word_1_246' title='bbox 555 2517 617 2558; x_wconf 85' lang='lat' dir='ltr'><strong>verbe</strong></span> <span class='ocrx_word' id='word_1_247' title='bbox 630 2529 681 2560; x_wconf 77' lang='lat' dir='ltr'><strong>aree</strong></span> <span class='ocrx_word' id='word_1_248' title='bbox 695 2529 737 2569; x_wconf 63' lang='grc' dir='ltr'><strong>ως</strong></span> <span class='ocrx_word' id='word_1_249' title='bbox 756 2518 783 2562; x_wconf 81' lang='lat' dir='ltr'><strong>ef.</strong></span> <span class='ocrx_word' id='word_1_250' title='bbox 799 2519 839 2573; x_wconf 89' lang='lat' dir='ltr'><strong>IV,</strong></span> <span class='ocrx_word' id='word_1_251' title='bbox 857 2531 887 2572; x_wconf 82' lang='lat' dir='ltr'><strong>rr,</strong></span> <span class='ocrx_word' id='word_1_252' title='bbox 907 2525 930 2570; x_wconf 74' lang='lat' dir='ltr'><strong>t,</strong></span> <span class='ocrx_word' id='word_1_253' title='bbox 944 2529 976 2560; x_wconf 92' lang='lat' dir='ltr'><strong>sur</strong></span> 
     </span>
     <span class='ocr_line' id='line_1_29' title="bbox 101 2577 975 2634; baseline 0.009 -17"><span class='ocrx_word' id='word_1_254' title='bbox 101 2577 182 2618; x_wconf 73' lang='lat' dir='ltr'><strong>dinem</strong></span> <span class='ocrx_word' id='word_1_255' title='bbox 192 2578 309 2629; x_wconf 81' lang='lat' dir='ltr'><strong>aestivae,</strong></span> <span class='ocrx_word' id='word_1_256' title='bbox 320 2578 391 2621; x_wconf 48' lang='lat' dir='ltr'><strong>said.</strong></span> <span class='ocrx_word' id='word_1_257' title='bbox 403 2579 431 2621; x_wconf 82' lang='lat' dir='ltr'><strong>iri</strong></span> <span class='ocrx_word' id='word_1_258' title='bbox 445 2579 527 2621; x_wconf 81' lang='lat' dir='ltr'><strong>solitu·</strong></span> <span class='ocrx_word' id='word_1_259' title='bbox 553 2579 657 2632; x_wconf 79' lang='lat' dir='ltr'><strong>oppidis,</strong></span> <span class='ocrx_word' id='word_1_260' title='bbox 676 2590 725 2634; x_wconf 77' lang='lat' dir='ltr'><strong>roy.</strong></span> <span class='ocrx_word' id='word_1_261' title='bbox 751 2583 839 2634; x_wconf 86' lang='lat' dir='ltr'><strong>Arme&#39;e,</strong></span> <span class='ocrx_word' id='word_1_262' title='bbox 855 2589 879 2624; x_wconf 91' lang='lat' dir='ltr'><strong>n·</strong></span> <span class='ocrx_word' id='word_1_263' title='bbox 900 2588 941 2625; x_wconf 79' lang='lat'>¹95.</span> <span class='ocrx_word' id='word_1_264' title='bbox 953 2603 975 2610; x_wconf 96' lang='lat'>-</span> 
     </span>
     <span class='ocr_line' id='line_1_30' title="bbox 101 2639 975 2699; baseline 0.006 -20"><span class='ocrx_word' id='word_1_265' title='bbox 101 2639 182 2680; x_wconf 79' lang='lat' dir='ltr'><strong>dinem</strong></span> <span class='ocrx_word' id='word_1_266' title='bbox 196 2639 322 2690; x_wconf 82' lang='lat' dir='ltr'><strong>siluarum,</strong></span> <span class='ocrx_word' id='word_1_267' title='bbox 333 2652 361 2682; x_wconf 83' lang='lat' dir='ltr'><strong>oc</strong></span> <span class='ocrx_word' id='word_1_268' title='bbox 374 2645 406 2682; x_wconf 82' lang='lat' dir='ltr'><strong>est</strong></span> <span class='ocrx_word' id='word_1_269' title='bbox 417 2640 527 2694; x_wconf 83' lang='lat' dir='ltr'><strong>explieetii</strong></span> <span class='ocrx_word' id='word_1_270' title='bbox 553 2641 773 2694; x_wconf 67' lang='lat' dir='ltr'><strong>deponerenqcesar</strong></span> <span class='ocrx_word' id='word_1_271' title='bbox 783 2647 805 2686; x_wconf 90' lang='lat' dir='ltr'><strong>et</strong></span> <span class='ocrx_word' id='word_1_272' title='bbox 817 2644 850 2686; x_wconf 90' lang='lat' dir='ltr'><strong>les</strong></span> <span class='ocrx_word' id='word_1_273' title='bbox 863 2649 975 2699; x_wconf 84' lang='lat' dir='ltr'><strong>proseteurs</strong></span> 
     </span>
     <span class='ocr_line' id='line_1_31' title="bbox 100 2699 975 2760; baseline 0.008 -21"><span class='ocrx_word' id='word_1_274' title='bbox 100 2703 121 2740; x_wconf 88' lang='lat' dir='ltr'><strong>et</strong></span> <span class='ocrx_word' id='word_1_275' title='bbox 132 2699 221 2754; x_wconf 80' lang='lat' dir='ltr'><strong>indique</strong></span> <span class='ocrx_word' id='word_1_276' title='bbox 230 2700 256 2744; x_wconf 90' lang='lat' dir='ltr'><strong>de</strong></span> <span class='ocrx_word' id='word_1_277' title='bbox 263 2701 334 2756; x_wconf 87' lang='lat' dir='ltr'><strong>quelle</strong></span> <span class='ocrx_word' id='word_1_278' title='bbox 342 2706 400 2744; x_wconf 89' lang='lat' dir='ltr'><strong>sorte</strong></span> <span class='ocrx_word' id='word_1_279' title='bbox 409 2701 435 2744; x_wconf 91' lang='lat' dir='ltr'><strong>de</strong></span> <span class='ocrx_word' id='word_1_280' title='bbox 444 2701 526 2745; x_wconf 76' lang='lat' dir='ltr'><strong>diserte</strong></span> <span class='ocrx_word' id='word_1_281' title='bbox 553 2701 672 2757; x_wconf 81' lang='lat' dir='ltr'><strong>elassiqnes</strong></span> <span class='ocrx_word' id='word_1_282' title='bbox 683 2704 831 2749; x_wconf 80' lang='lat' dir='ltr'><strong>construiseut</strong></span> <span class='ocrx_word' id='word_1_283' title='bbox 845 2707 942 2760; x_wconf 84' lang='lat' dir='ltr'><strong>toujours</strong></span> <span class='ocrx_word' id='word_1_284' title='bbox 955 2716 975 2746; x_wconf 86' lang='lat' dir='ltr'><strong>ee</strong></span> 
     </span>
     <span class='ocr_line' id='line_1_32' title="bbox 101 2761 974 2814; baseline 0.009 -13"><span class='ocrx_word' id='word_1_285' title='bbox 101 2761 116 2802; x_wconf 90' lang='lat' dir='ltr'><strong>il</strong></span> <span class='ocrx_word' id='word_1_286' title='bbox 127 2761 198 2814; x_wconf 80' lang='lat' dir='ltr'><strong>s’egit.</strong></span> <span class='ocrx_word' id='word_1_287' title='bbox 553 2766 616 2807; x_wconf 83' lang='lat' dir='ltr'><strong>verbe</strong></span> <span class='ocrx_word' id='word_1_288' title='bbox 628 2773 678 2808; x_wconf 83' lang='lat' dir='ltr'><strong>eveo</strong></span> <span class='ocrx_word' id='word_1_289' title='bbox 690 2767 718 2809; x_wconf 81' lang='lat' dir='ltr'><strong>in</strong></span> <span class='ocrx_word' id='word_1_290' title='bbox 732 2772 754 2810; x_wconf 87' lang='lat' dir='ltr'><strong>et</strong></span> <span class='ocrx_word' id='word_1_291' title='bbox 768 2767 861 2812; x_wconf 81' lang='lat' dir='ltr'><strong>l&#39;ebietii</strong></span> <span class='ocrx_word' id='word_1_292' title='bbox 873 2769 911 2812; x_wconf 87' lang='lat' dir='ltr'><strong>des</strong></span> <span class='ocrx_word' id='word_1_293' title='bbox 920 2779 974 2812; x_wconf 84' lang='lat' dir='ltr'><strong>noms</strong></span> 
     </span>
    </p>

    <p class='ocr_par' dir='ltr' id='par_1_8' title="bbox 101 2822 974 3064">
     <span class='ocr_line' id='line_1_33' title="bbox 127 2822 974 2884; baseline 0.009 -21"><span class='ocrx_word' id='word_1_294' title='bbox 127 2822 185 2874; x_wconf 87' lang='lat' dir='ltr'><strong>XIX,</strong></span> <span class='ocrx_word' id='word_1_295' title='bbox 198 2831 216 2866; x_wconf 87' lang='grc' dir='ltr'><strong>ι.</strong></span> <span class='ocrx_word' id='word_1_296' title='bbox 226 2826 286 2868; x_wconf 80' lang='lat' dir='ltr'><strong>eicis</strong></span> <span class='ocrx_word' id='word_1_297' title='bbox 300 2827 460 2880; x_wconf 69' lang='lat' dir='ltr'><strong>aedificiisque,</strong></span> <span class='ocrx_word' id='word_1_298' title='bbox 474 2839 522 2882; x_wconf 73' lang='lat' dir='ltr'><strong>seq.</strong></span> <span class='ocrx_word' id='word_1_299' title='bbox 552 2827 578 2869; x_wconf 93' lang='lat' dir='ltr'><strong>de</strong></span> <span class='ocrx_word' id='word_1_300' title='bbox 587 2828 671 2880; x_wconf 86' lang='lat' dir='ltr'><strong>choses,</strong></span> <span class='ocrx_word' id='word_1_301' title='bbox 685 2829 713 2872; x_wconf 84' lang='lat' dir='ltr'><strong>ot</strong></span> <span class='ocrx_word' id='word_1_302' title='bbox 731 2829 769 2882; x_wconf 89' lang='lat' dir='ltr'><strong>VI,</strong></span> <span class='ocrx_word' id='word_1_303' title='bbox 786 2842 833 2882; x_wconf 76' lang='lat' dir='ltr'><strong>xor,</strong></span> <span class='ocrx_word' id='word_1_304' title='bbox 854 2840 875 2884; x_wconf 70' lang='grc' dir='ltr'><strong>ις</strong></span> <span class='ocrx_word' id='word_1_305' title='bbox 891 2831 974 2874; x_wconf 76' lang='lat' dir='ltr'><strong>arsetes</strong></span> 
     </span>
     <span class='ocr_line' id='line_1_34' title="bbox 102 2884 973 2944; baseline 0.013 -21"><span class='ocrx_word' id='word_1_306' title='bbox 102 2884 160 2924; x_wconf 80' lang='lat' dir='ltr'><strong>Diei.</strong></span> <span class='ocrx_word' id='word_1_307' title='bbox 182 2885 243 2926; x_wconf 83' lang='lat' dir='ltr'><strong>Hiet.</strong></span> <span class='ocrx_word' id='word_1_308' title='bbox 265 2908 291 2917; x_wconf 92' lang='lat'><em>-</em></span> <span class='ocrx_word' id='word_1_309' title='bbox 313 2889 450 2940; x_wconf 70' lang='lat' dir='ltr'><strong>fremetis,</strong></span> <span class='ocrx_word' id='word_1_310' title='bbox 473 2901 522 2944; x_wconf 79' lang='lat' dir='ltr'><strong>roy.</strong></span> <span class='ocrx_word' id='word_1_311' title='bbox 553 2891 973 2944; x_wconf 86' lang='lat' dir='ltr'><strong>nomsdepersonne,ilsteeonstruisent</strong></span> 
     </span>
     <span class='ocr_line' id='line_1_35' title="bbox 102 2942 972 3008; baseline 0.022 -28"><span class='ocrx_word' id='word_1_312' title='bbox 102 2942 181 2990; x_wconf 83' lang='lat' dir='ltr'><strong>notet,</strong></span> <span class='ocrx_word' id='word_1_313' title='bbox 195 2954 240 2992; x_wconf 82' lang='lat' dir='ltr'><strong>xvi,</strong></span> <span class='ocrx_word' id='word_1_314' title='bbox 256 2953 274 2986; x_wconf 85' lang='grc' dir='ltr'><strong>ι.</strong></span> <span class='ocrx_word' id='word_1_315' title='bbox 291 2949 440 2998; x_wconf 70' lang='lat' dir='ltr'><strong>-eueoieieq</strong></span> <span class='ocrx_word' id='word_1_316' title='bbox 451 2949 478 2991; x_wconf 83' lang='lat' dir='ltr'><strong>et.</strong></span> <span class='ocrx_word' id='word_1_317' title='bbox 494 2951 522 3002; x_wconf 89' lang='lat' dir='ltr'><strong>V,</strong></span> <span class='ocrx_word' id='word_1_318' title='bbox 551 2963 600 2994; x_wconf 83' lang='lat' dir='ltr'><strong>aree</strong></span> <span class='ocrx_word' id='word_1_319' title='bbox 618 2955 683 3006; x_wconf 79' lang='lat' dir='ltr'><strong>opud</strong></span> <span class='ocrx_word' id='word_1_320' title='bbox 697 2958 718 2996; x_wconf 87' lang='lat' dir='ltr'><strong>et</strong></span> <span class='ocrx_word' id='word_1_321' title='bbox 732 2953 860 3008; x_wconf 79' lang='lat' dir='ltr'><strong>l&#39;aeeusatii,</strong></span> <span class='ocrx_word' id='word_1_322' title='bbox 884 2956 912 3000; x_wconf 86' lang='lat' dir='ltr'><strong>et.</strong></span> <span class='ocrx_word' id='word_1_323' title='bbox 931 2955 972 3005; x_wconf 83' lang='lat' dir='ltr'><strong>vu.</strong></span> 
     </span>
     <span class='ocr_line' id='line_1_36' title="bbox 101 3005 973 3064; baseline 0.019 -24"><span class='ocrx_word' id='word_1_324' title='bbox 101 3012 130 3048; x_wconf 81' lang='lat' dir='ltr'><strong>nr,</strong></span> <span class='ocrx_word' id='word_1_325' title='bbox 142 3007 166 3046; x_wconf 71' lang='grc' dir='ltr'><strong>εις</strong></span> <span class='ocrx_word' id='word_1_326' title='bbox 177 3011 200 3039; x_wconf 90' lang='lat' dir='ltr'><strong>ee</strong></span> <span class='ocrx_word' id='word_1_327' title='bbox 213 3006 258 3040; x_wconf 90' lang='lat' dir='ltr'><strong>mot</strong></span> <span class='ocrx_word' id='word_1_328' title='bbox 272 3008 304 3042; x_wconf 87' lang='lat' dir='ltr'><strong>est</strong></span> <span class='ocrx_word' id='word_1_329' title='bbox 319 3005 368 3054; x_wconf 86' lang='lat' dir='ltr'><strong>ptus</strong></span> <span class='ocrx_word' id='word_1_330' title='bbox 384 3008 483 3060; x_wconf 77' lang='lat' dir='ltr'><strong>frequent</strong></span> <span class='ocrx_word' id='word_1_331' title='bbox 497 3023 522 3051; x_wconf 91' lang='lat' dir='ltr'><strong>en</strong></span> <span class='ocrx_word' id='word_1_332' title='bbox 551 3025 611 3064; x_wconf 80' lang='grc' dir='ltr'>ιιιιιι,</span> <span class='ocrx_word' id='word_1_333' title='bbox 623 3021 642 3057; x_wconf 77' lang='grc'><strong>3.</strong></span> <span class='ocrx_word' id='word_1_334' title='bbox 663 3031 688 3050; x_wconf 94' lang='lat'><strong><em>=</em></strong></span> <span class='ocrx_word' id='word_1_335' title='bbox 707 3021 726 3058; x_wconf 81' lang='lat'><strong>³.</strong></span> <span class='ocrx_word' id='word_1_336' title='bbox 745 3016 835 3058; x_wconf 77' lang='lat' dir='ltr'><strong>bunos</strong></span> <span class='ocrx_word' id='word_1_337' title='bbox 851 3017 878 3059; x_wconf 90' lang='lat' dir='ltr'><strong>iei</strong></span> <span class='ocrx_word' id='word_1_338' title='bbox 896 3018 915 3060; x_wconf 88' lang='lat' dir='ltr'><strong>le</strong></span> <span class='ocrx_word' id='word_1_339' title='bbox 930 3028 973 3059; x_wconf 86' lang='lat' dir='ltr'><strong>sens</strong></span> 
     </span>
    </p>
   </div>
   <div class='ocr_carea' id='block_1_8' title="bbox 101 3057 973 3189">
    <p class='ocr_par' dir='ltr' id='par_1_9' title="bbox 101 3057 973 3189">
     <span class='ocr_line' id='line_1_37' title="bbox 102 3057 973 3133; baseline 0.037 -40"><span class='ocrx_word' id='word_1_340' title='bbox 102 3057 174 3108; x_wconf 84' lang='lat' dir='ltr'><strong>poeste</strong></span> <span class='ocrx_word' id='word_1_341' title='bbox 187 3059 249 3108; x_wconf 87' lang='lat' dir='ltr'><strong>qu&#39;en</strong></span> <span class='ocrx_word' id='word_1_342' title='bbox 268 3071 336 3110; x_wconf 86' lang='lat' dir='ltr'><strong>prose.</strong></span> <span class='ocrx_word' id='word_1_343' title='bbox 352 3086 378 3094; x_wconf 89' lang='lat'><em>-</em></span> <span class='ocrx_word' id='word_1_344' title='bbox 389 3079 523 3118; x_wconf 78' lang='lat' dir='ltr'><strong>premeren-</strong></span> <span class='ocrx_word' id='word_1_345' title='bbox 550 3073 576 3114; x_wconf 92' lang='lat' dir='ltr'><strong>de</strong></span> <span class='ocrx_word' id='word_1_346' title='bbox 586 3085 685 3116; x_wconf 76' lang='lat' dir='ltr'><strong>:senune</strong></span> <span class='ocrx_word' id='word_1_347' title='bbox 691 3076 728 3127; x_wconf 85' lang='lat' dir='ltr'><strong>tei,</strong></span> <span class='ocrx_word' id='word_1_348' title='bbox 737 3077 973 3133; x_wconf 68' lang='lat' dir='ltr'><strong>e.ed.eommpoini</strong></span> 
     </span>
     <span class='ocr_line' id='line_1_38' title="bbox 101 3114 972 3189; baseline 0.036 -37"><span class='ocrx_word' id='word_1_349' title='bbox 101 3114 300 3164; x_wconf 73' lang='lat' dir='ltr'><strong>rut·;et1V,1‚2.</strong></span> <span class='ocrx_word' id='word_1_350' title='bbox 321 3123 430 3174; x_wconf 81' lang='lat' dir='ltr'><strong>-abiis,</strong></span> <span class='ocrx_word' id='word_1_351' title='bbox 446 3129 518 3170; x_wconf 64' lang='lat' dir='ltr'><strong>edd.</strong></span> <span class='ocrx_word' id='word_1_352' title='bbox 550 3133 578 3172; x_wconf 82' lang='lat' dir='ltr'><strong>de</strong></span> <span class='ocrx_word' id='word_1_353' title='bbox 596 3137 796 3180; x_wconf 71' lang='lat' dir='ltr'><strong>eaisemetement.</strong></span> <span class='ocrx_word' id='word_1_354' title='bbox 821 3161 849 3170; x_wconf 84' lang='lat'><em>-</em></span> <span class='ocrx_word' id='word_1_355' title='bbox 866 3142 972 3189; x_wconf 81' lang='lat' dir='ltr'><strong>medium,</strong></span> 
     </span>
    </p>
   </div>
   <div class='ocr_carea' id='block_1_9' title="bbox 0 0 1036 3492">
    <p class='ocr_par' dir='ltr' id='par_1_10' title="bbox 0 0 1036 3492">
     <span class='ocr_line' id='line_1_39' title="bbox 0 0 1036 3492; baseline 0 4"><span class='ocrx_word' id='word_1_356' title='bbox 0 0 1036 3492; x_wconf 95' lang='lat' dir='ltr'><strong> </strong></span> 
     </span>
    </p>
   </div>
  </div>
 </body>
</html>
