2074 3494
127 153 181 210 168
406 165 445 208 os
467 154 567 209 annuo
587 163 730 208 caturco·
788 153 790 158 ’

123 279 180 336 imo
200 279 313 338 acclivis
334 277 448 340 circiter
467 295 569 351 passus
592 279 681 335 mille.
704 278 764 335 Huc
785 294 885 352 magno
905 291 983 332 cursu

123 370 344 438 contenderunt,
368 373 399 425 ut
423 385 509 441 quam
532 367 685 424 minimum
705 367 787 440 spatii
809 367 844 423 ad
865 381 896 422 se
914 363 986 420 eolli-

123 457 231 530 gendos
252 459 462 530 armandosque
487 455 622 513 Romanis
642 457 769 525 daretur,
789 451 985 524 exanimatique

122 551 319 620 pervenerunt.
343 546 381 620 [l]
404 545 542 615 Sabinus,
565 561 634 602 suos
653 547 797 615 hortatus,
817 541 986 616 cupientibus

123 634 238 708 signum
258 635 316 692 dat.
342 633 487 708 Impeditis
508 634 638 691 hostibus
659 638 775 706 proptor
795 649 829 690 ea
842 648 903 704 quae
923 630 986 686 tere

123 723 192 780 hant
220 739 318 792 onera,
350 723 446 780 subito
473 723 586 780 duabus
613 723 703 796 portis
731 721 907 795 emptionem
933 717 985 774 lieri

121 813 211 888 jubet.
229 814 266 887 [3]
283 813 402 870 Factum
427 817 472 871 est
494 812 704 885 opportunitate
725 812 790 881 loci,
809 811 932 868 hostium
951 807 986 861 in·

124 903 242 960 scientia
256 921 288 961 oc
302 901 514 975 defatigatione,
523 901 628 958 virtute
638 901 763 957 militum
777 905 806 958 et
819 899 985 973 superiorum

123 1009 284 1066 pugnarum
298 989 508 1059 exercitatione,
531 995 563 1046 ut
584 1007 619 1047 nc
640 1007 730 1046 unum
752 989 869 1062 quidem
890 991 985 1044 nostro

125 1097 189 1136 rum
200 1079 337 1152 impetum
347 1080 454 1136 terrent
463 1095 496 1135 ac
506 1078 602 1135 statim
614 1082 695 1151 terga
708 1077 910 1150 verterentltl
921 1075 985 1142 Quos

124 1167 274 1241 impeditos
288 1167 406 1241 integris
419 1166 527 1225 viribus
542 1167 647 1226 milites
661 1166 750 1224 nostri
766 1165 920 1234 consecuti,
939 1180 985 1219 ma·

124 1274 213 1330 gnum
234 1273 386 1314 numerum
409 1272 510 1312 eorum
533 1255 712 1325 occiderunt,
737 1254 864 1327 reliquos
890 1252 984 1326 equites

123 1345 287 1414 consectati,
303 1361 418 1417 paucos,
434 1343 483 1418 qui
503 1361 536 1400 ex
556 1343 624 1417 luga
637 1347 795 1413 evaserant,
812 1342 983 1415 reliquerunt.

126 1435 162 1507 [5]
180 1435 227 1491 Sic
249 1451 305 1491 uno
320 1439 448 1506 tempore
462 1436 490 1490 et
504 1433 539 1489 de
554 1433 646 1490 navali
664 1449 761 1506 pugna
785 1431 910 1490 Sabinus
923 1429 985 1486 etde

126 1523 222 1580 Sabini
245 1522 363 1580 victoria
384 1521 479 1578 Cesar
499 1521 604 1578 certior
626 1521 718 1578 laetus
739 1524 794 1590 est,
817 1520 984 1591 civitatesque

123 1628 224 1669 omnes
244 1627 275 1667 se
296 1611 393 1668 statim
415 1609 525 1667 Titurio
544 1609 723 1667 dediderunt.
747 1609 784 1684 [6]
806 1609 892 1679 Nam,
913 1613 942 1666 ut
957 1607 983 1663 ad

125 1701 202 1758 bclla
215 1699 395 1772 suscipienda
410 1699 557 1756 Gallorum
571 1699 665 1757 alacer
678 1716 710 1756 ac
724 1704 875 1772 promptus
888 1702 930 1756 est
941 1695 985 1754 cni

123 1849 182 1890 entre
194 1845 213 1888 la
227 1843 267 1888 Sec
280 1849 302 1886 et
311 1844 331 1887 la
344 1847 406 1886 route
420 1841 446 1886 de
455 1841 547 1886 Mortain
575 1855 657 1895 onera,
667 1841 695 1886 cl.
711 1842 808 1897 chapitre
822 1843 938 1898 precedent,
950 1843 983 1894 ἐι.

123 1909 136 1954 it
152 1907 287 1958 dirmetum
304 1911 359 1948 cette
373 1905 504 1960 description
516 1909 549 1948 est
574 1905 984 1961 -dacboapcrttepopnrmten‘tt

123 1970 239 2026 cepcndaut
251 1968 300 2012 hicn
312 1981 380 2023 sagus
392 1969 450 2023 (vop.
464 1967 549 2022 Desjar-
576 1984 601 2005 =
611 1971 631 2010 a.
640 1967 754 2020 militam,
762 1967 800 2010 des
806 1967 889 2012 soldats
896 1967 984 2012 romains.

124 2032 180 2084 dics,
192 2029 480 2086 oeop.dataoacto,11,p.
491 2030 547 2084 olet
575 2051 603 2062 -
620 2041 649 2072 ac
664 2030 754 2080 atatim,
776 2041 805 2073 ac
823 2043 910 2086 marque
924 2028 985 2086 grada-

124 2107 151 2138 cn
159 2095 229 2137 donno
238 2093 363 2136 ntanmoins
371 2091 399 2135 lci
407 2093 492 2135 lacerta
500 2092 548 2134 telle
577 2091 622 2136 tion
640 2097 680 2135 :et
699 2095 786 2146 nidmu
798 2092 827 2136 cl.
845 2093 884 2145 tv,
898 2105 954 2144 xxxv,
967 2099 983 2134 ι.

124 2154 549 2212 qucNapoldonllll'adresse'e;elloper-
576 2157 630 2198 τι.
646 2167 730 2209 quoa...
747 2169 836 2208 corum,
853 2168 901 2212 roy.
916 2161 959 2200 octe
970 2154 984 2204 l,

124 2216 549 2270 mettre,dansunaeertainemesura,da
576 2230 614 2270 xri,
632 2223 652 2270 3,
670 2230 716 2261 coc.
735 2241 763 2250 -
777 2220 878 2274 tnteprc'c
896 2219 983 2266 clatus,

125 2294 147 2325 ss
157 2282 232 2325 rendre
246 2285 330 2335 compte
340 2279 366 2322 de
376 2279 395 2322 la
402 2279 507 2322 situation
518 2291 549 2322 re-
575 2279 652 2323 ablatil
658 2280 684 2323 da
691 2281 792 2332 muniere,
800 2281 812 2324 t
820 2281 933 2324 ratlaclrerl
940 2293 984 2323 coa-

124 2343 218 2400 spectire
227 2343 265 2386 des
274 2348 361 2396 troupes
369 2341 477 2396 gauloiscs
485 2347 507 2386 ct
516 2355 549 2384 ro-
576 2343 657 2386 eecati.
665 2365 692 2374 —
698 2343 811 2396 reliquos,
817 2342 985 2398 cecrqciaraient

125 2403 549 2458 malcas—imo,adjectilprissubstan-
576 2405 668 2460 dchappd
691 2405 855 2449 al’lnlauterle.
869 2429 895 2438 -
908 2407 985 2460 qatcc

125 2467 276 2519 tisament30n
284 2472 360 2509 trouve
367 2467 396 2509 ab
404 2467 494 2519 inane,
501 2466 548 2518 Vll,
575 2469 636 2522 sepo
654 2471 786 2519 comerent,
805 2467 825 2510 le
845 2467 984 2522 plusquepar-

125 2541 169 2581 xix,
182 2528 262 2580 t,dans
272 2527 367 2572 lamtrne
376 2539 432 2571 sens.
443 2550 470 2560 -
479 2528 550 2570 aecti-
578 2529 617 2572 lait
631 2535 714 2573 mentre
728 2529 795 2584 qu'ils
810 2529 902 2572 s'dtaient
916 2530 982 2572 misen

125 2592 170 2642 ota,
178 2587 226 2645 vo'y.
236 2591 317 2642 netell,
327 2602 389 2640 xvru,
401 2598 417 2634 t.
429 2601 548 2644 -pasaus
577 2591 648 2634 sdretd
664 2596 727 2634 avant
743 2591 809 2634 d’stro
822 2590 939 2644 poursuiris
952 2601 983 2644 par

124 2654 198 2704 mitte,
213 2665 260 2707 vop.
278 2653 338 2696 Dict.
359 2653 430 2704 Hist,
447 2651 551 2695 accusatil
578 2652 598 2694 la
612 2652 729 2705 cavalaria;
749 2664 802 2695 ema
820 2651 982 2696 icilescustem-

125 2715 243 2766 tl'ttendue.
257 2738 284 2746 -
297 2715 483 2768 exanimatique,
499 2726 548 2768 roy.
578 2714 636 2768 porcl
651 2719 673 2757 et
686 2714 772 2768 signille
790 2727 795 2756 :
810 2718 876 2769 apros
892 2716 981 2767 tatuit.

126 2777 151 2826 ll,
165 2787 227 2826 xxur,
240 2785 314 2830 nque
326 2781 358 2819 est
373 2775 400 2818 ici
410 2775 522 2831 explicatil
529 2780 551 2817 et
578 2776 661 2830 depuis
677 2775 701 2818 to
714 2776 782 2828 satta.
798 2793 823 2813 =
839 2781 857 2820 o.
871 2777 980 2819 animas...

126 2837 327 2890 monuscuat’auc
339 2837 376 2880 des
386 2837 521 2882 Gaulcisest
531 2837 550 2880 la
577 2849 652 2888 awos,
663 2849 698 2880 ces
706 2835 761 2881 deux
768 2842 825 2881 mols
835 2842 880 2880 sont
891 2837 981 2894 trequen-

126 2899 272 2948 ccnse'quenca
295 2899 321 2938 de
344 2899 364 2939 la
386 2911 462 2941 course
485 2898 551 2953 qu'ils
579 2904 637 2942 ment
656 2901 748 2953 opposes
766 2899 810 2942 l'un
834 2899 930 2944 ll’autrc
950 2912 981 2955 par

128 2957 229 2997 viennent
236 2955 262 2994 de
270 2955 361 3008 loumir,
371 2959 399 3000 cl.
408 2959 443 3010 lll,
452 2973 514 3010 xxm,
526 2967 549 3010 ις
578 2959 642 3002 Cesar
650 2961 674 3012 (l,
687 2974 758 3015 xxxix,
769 2969 790 3014 ¹3
800 2961 836 3012 Vl,
846 2975 865 3014 v,
880 2971 948 3014 l;xr.1,
955 2965 979 3016 tl,

128 3014 158 3062 V,
168 3025 213 3078 ιιι,
226 3014 246 3050 4·
257 3028 287 3078 .²
304 3021 323 3054 2.
339 3019 497 3070 captantibus,
513 3031 551 3062 sur
578 3020 637 3063 aussi
654 3021 702 3064 bien
719 3034 763 3077 que
772 3035 810 3077 par
821 3023 850 3066 les
862 3030 925 3068 autres
934 3025 979 3068 ecri-

129 3073 177 3113 leur
189 3073 328 3121 multumt
340 3073 367 3115 cf·
379 3075 413 3125 ΙΙΙ,
424 3089 477 3129 xvir,
490 3087 509 3122 a.
524 3103 551 3110 -
579 3081 640 3123 vains
650 3081 723 3135 latins,
740 3091 762 3127 et
773 3084 827 3128 daus
835 3097 896 3129 eccas
909 3086 933 3129 ils
941 3099 979 3129 ecr-

131 3131 229 3182 ΝὮΜΜ
237 3128 340 3182 dalnmt·
348 3132 432 3184 Armes,
440 3142 463 3175 ¹1·
473 3141 516 3178 tlt.
526 3161 551 3170 -·
579 3143 773 3195 respondentasscz
781 3151 907 3200 exsomnem,
916 3147 933 3190 la
942 3161 979 3204 pre
